Exchange,Token,Ltp,Change,Exchange Timestamp,Volume

1,1330,1844.1,4294966586,2020-09-02 14:35:11,2669507
1,1330,0.0,0,1970-01-01 05:30:00,0
1,1330,0.0,0,1970-01-01 05:30:00,0
1,1330,1844.15,4294966591,2020-09-02 14:35:12,2669514
1,1330,1844.1,4294966586,2020-09-02 14:35:14,2669532
1,1330,1844.15,4294966591,2020-09-02 14:35:14,2669534
1,1330,1844.1,4294966586,2020-09-02 14:35:15,2669601
1,1330,1844.1,4294966586,2020-09-02 14:35:16,2669676
1,1330,1844.15,4294966591,2020-09-02 14:35:18,2669683
1,1330,1843.4,4294966516,2020-09-02 14:35:18,2676632
1,1330,1842.65,4294966441,2020-09-02 14:35:20,2677492
1,1330,1842.65,4294966441,2020-09-02 14:35:20,2677754
1,1330,1842.55,4294966431,2020-09-02 14:35:21,2678083
1,1330,1842.4,4294966416,2020-09-02 14:35:23,2678245
1,1330,1842.25,4294966401,2020-09-02 14:35:23,2678361
1,1330,1842.15,4294966391,2020-09-02 14:35:24,2678814
1,1330,1842.1,4294966386,2020-09-02 14:35:26,2679164
1,1330,1842.1,4294966386,2020-09-02 14:35:26,2679199
1,1330,1842.4,4294966416,2020-09-02 14:35:27,2681457
1,1330,1842.4,4294966416,2020-09-02 14:35:28,2681712
1,1330,1842.05,4294966381,2020-09-02 14:35:29,2681858
1,1330,1842.4,4294966416,2020-09-02 14:35:31,2681872
1,1330,1841.75,4294966351,2020-09-02 14:35:31,2683225
1,1330,1841.9,4294966366,2020-09-02 14:35:32,2683477
1,1330,1841.9,4294966366,2020-09-02 14:35:34,2683517
1,1330,1842.0,4294966376,2020-09-02 14:35:35,2683878
1,1330,1842.0,4294966376,2020-09-02 14:35:35,2683914
1,1330,1841.75,4294966351,2020-09-02 14:35:36,2683936
1,1330,1842.0,4294966376,2020-09-02 14:35:37,2683963
1,1330,1842.0,4294966376,2020-09-02 14:35:39,2683966
1,1330,1842.0,4294966376,2020-09-02 14:35:39,2683966
1,1330,1842.0,4294966376,2020-09-02 14:35:41,2683966
1,1330,1842.0,4294966376,2020-09-02 14:35:42,2683966
1,1330,1841.9,4294966366,2020-09-02 14:35:42,2683987
1,1330,1841.75,4294966351,2020-09-02 14:35:44,2684174
1,1330,1841.85,4294966361,2020-09-02 14:35:44,2684193
1,1330,1841.75,4294966351,2020-09-02 14:35:45,2684632
1,1330,1841.7,4294966346,2020-09-02 14:35:47,2684680
1,1330,1841.7,4294966346,2020-09-02 14:35:47,2684749
1,1330,1841.75,4294966351,2020-09-02 14:35:48,2684756
1,1330,1841.7,4294966346,2020-09-02 14:35:49,2684783
1,1330,1841.75,4294966351,2020-09-02 14:35:51,2684807
1,1330,1841.75,4294966351,2020-09-02 14:35:51,2684786
1,1330,1841.7,4294966346,2020-09-02 14:35:52,2684889
1,1330,1841.7,4294966346,2020-09-02 14:35:54,2686237
1,1330,1841.7,4294966346,2020-09-02 14:35:55,2686376
1,1330,1841.75,4294966351,2020-09-02 14:35:55,2686390
1,1330,1841.7,4294966346,2020-09-02 14:35:56,2686917
1,1330,1841.6,4294966336,2020-09-02 14:35:57,2687154
1,1330,1841.5,4294966326,2020-09-02 14:35:59,2687649
1,1330,1841.45,4294966321,2020-09-02 14:35:59,2687604
1,1330,1841.15,4294966291,2020-09-02 14:36:00,2687862
1,1330,1841.15,4294966291,2020-09-02 14:36:02,2687883
1,1330,1841.1,4294966286,2020-09-02 14:36:02,2687888
1,1330,1841.1,4294966286,2020-09-02 14:36:03,2687964
1,1330,1841.15,4294966291,2020-09-02 14:36:04,2688112
1,1330,1841.0,4294966276,2020-09-02 14:36:05,2688437
1,1330,1841.0,4294966276,2020-09-02 14:36:07,2688476
1,1330,1841.1,4294966286,2020-09-02 14:36:08,2688484
1,1330,1841.05,4294966281,2020-09-02 14:36:08,2688492
1,1330,1841.05,4294966281,2020-09-02 14:36:10,2688502
1,1330,1841.0,4294966276,2020-09-02 14:36:11,2688589
1,1330,1841.05,4294966281,2020-09-02 14:36:11,2688598
1,1330,1841.05,4294966281,2020-09-02 14:36:12,2689206
1,1330,1840.95,4294966271,2020-09-02 14:36:13,2689438
1,1330,1841.05,4294966281,2020-09-02 14:36:15,2689761
1,1330,1841.05,4294966281,2020-09-02 14:36:15,2689794
1,1330,1840.5,4294966226,2020-09-02 14:36:16,2692029
1,1330,1841.05,4294966281,2020-09-02 14:36:17,2695343
1,1330,1841.5,4294966326,2020-09-02 14:36:19,2695829
1,1330,1841.05,4294966281,2020-09-02 14:36:20,2695903
1,1330,1841.5,4294966326,2020-09-02 14:36:20,2695910
1,1330,1841.15,4294966291,2020-09-02 14:36:21,2696221
1,1330,1841.15,4294966291,2020-09-02 14:36:22,2696362
1,1330,1841.15,4294966291,2020-09-02 14:36:23,2696575
1,1330,1841.5,4294966326,2020-09-02 14:36:25,2696596
1,1330,1841.5,4294966326,2020-09-02 14:36:25,2696598
1,1330,1841.15,4294966291,2020-09-02 14:36:26,2696833
1,1330,1842.0,4294966376,2020-09-02 14:36:27,2696857
1,1330,1842.0,4294966376,2020-09-02 14:36:28,2696861
1,1330,1842.0,4294966376,2020-09-02 14:36:30,2696865
1,1330,1841.95,4294966371,2020-09-02 14:36:30,2696866
1,1330,1842.0,4294966376,2020-09-02 14:36:31,2696963
1,1330,1841.5,4294966326,2020-09-02 14:36:33,2696992
1,1330,1841.5,4294966326,2020-09-02 14:36:34,2697483
1,1330,1841.35,4294966311,2020-09-02 14:36:34,2697666
1,1330,1841.15,4294966291,2020-09-02 14:36:35,2697884
1,1330,1841.5,4294966326,2020-09-02 14:36:36,2698080
1,1330,1840.9,4294966266,2020-09-02 14:36:38,2698643
1,1330,1841.2,4294966296,2020-09-02 14:36:38,2698719
1,1330,1840.2,4294966196,2020-09-02 14:36:39,2699021
1,1330,1840.2,4294966196,2020-09-02 14:36:40,2699107
1,1330,1840.7,4294966246,2020-09-02 14:36:42,2699128
1,1330,1840.7,4294966246,2020-09-02 14:36:42,2699126
1,1330,1840.7,4294966246,2020-09-02 14:36:43,2699129
1,1330,1840.2,4294966196,2020-09-02 14:36:44,2699184
1,1330,1839.5,4294966126,2020-09-02 14:36:45,2702127
1,1330,1839.8,4294966156,2020-09-02 14:36:46,2702263
1,1330,1839.7,4294966146,2020-09-02 14:36:48,2702710
1,1330,1839.8,4294966156,2020-09-02 14:36:49,2702790
1,1330,1839.25,4294966101,2020-09-02 14:36:49,2702998
1,1330,1839.3,4294966106,2020-09-02 14:36:50,2703244
1,1330,1839.8,4294966156,2020-09-02 14:36:51,2703375
1,1330,1839.8,4294966156,2020-09-02 14:36:52,2703754
1,1330,1839.2,4294966096,2020-09-02 14:36:54,2704301
1,1330,1839.9,4294966166,2020-09-02 14:36:54,2704674
1,1330,1839.8,4294966156,2020-09-02 14:36:55,2704711
1,1330,1839.8,4294966156,2020-09-02 14:36:57,2704880
1,1330,1840.2,4294966196,2020-09-02 14:36:58,2706497
1,1330,1840.7,4294966246,2020-09-02 14:36:59,2706617
1,1330,1840.7,4294966246,2020-09-02 14:36:59,2706739
1,1330,1840.3,4294966206,2020-09-02 14:37:00,2706857
1,1330,1840.3,4294966206,2020-09-02 14:37:01,2706870
1,1330,1840.3,4294966206,2020-09-02 14:37:03,2706906
1,1330,1840.95,4294966271,2020-09-02 14:37:03,2706909
1,1330,1840.3,4294966206,2020-09-02 14:37:04,2706915
1,1330,1840.3,4294966206,2020-09-02 14:37:05,2706915
1,1330,1840.95,4294966271,2020-09-02 14:37:07,2707031
1,1330,1840.5,4294966226,2020-09-02 14:37:07,2707246
1,1330,1840.5,4294966226,2020-09-02 14:37:08,2707282
1,1330,1840.5,4294966226,2020-09-02 14:37:10,2707779
1,1330,1840.75,4294966251,2020-09-02 14:37:10,2707929
1,1330,1840.75,4294966251,2020-09-02 14:37:11,2707970
1,1330,1840.25,4294966201,2020-09-02 14:37:13,2709091
1,1330,1840.05,4294966181,2020-09-02 14:37:14,2709341
1,1330,1840.0,4294966176,2020-09-02 14:37:15,2709476
1,1330,1840.4,4294966216,2020-09-02 14:37:15,2709619
1,1330,1840.35,4294966211,2020-09-02 14:37:16,2709641
1,1330,1840.35,4294966211,2020-09-02 14:37:17,2709643
1,1330,1840.35,4294966211,2020-09-02 14:37:19,2709844
1,1330,1840.05,4294966181,2020-09-02 14:37:19,2709865
1,1330,1840.2,4294966196,2020-09-02 14:37:20,2710072
1,1330,1840.05,4294966181,2020-09-02 14:37:22,2710104
1,1330,1840.2,4294966196,2020-09-02 14:37:22,2710107
1,1330,1840.2,4294966196,2020-09-02 14:37:23,2710107
1,1330,1840.05,4294966181,2020-09-02 14:37:24,2710108
1,1330,1840.0,4294966176,2020-09-02 14:37:26,2711612
1,1330,1840.0,4294966176,2020-09-02 14:37:26,2711914
1,1330,1840.05,4294966181,2020-09-02 14:37:27,2712120
1,1330,1839.95,4294966171,2020-09-02 14:37:28,2712205
1,1330,1839.95,4294966171,2020-09-02 14:37:30,2712258
1,1330,1840.0,4294966176,2020-09-02 14:37:30,2712276
1,1330,1840.0,4294966176,2020-09-02 14:37:32,2712286
1,1330,1839.95,4294966171,2020-09-02 14:37:33,2712439
1,1330,1840.0,4294966176,2020-09-02 14:37:33,2712455
1,1330,1839.5,4294966126,2020-09-02 14:37:34,2712904
1,1330,1839.2,4294966096,2020-09-02 14:37:35,2713209
1,1330,1839.5,4294966126,2020-09-02 14:37:36,2713244
1,1330,1839.2,4294966096,2020-09-02 14:37:37,2713644
1,1330,1839.2,4294966096,2020-09-02 14:37:38,2713780
1,1330,1839.2,4294966096,2020-09-02 14:37:40,2713794
1,1330,1839.2,4294966096,2020-09-02 14:37:41,2713795
1,1330,1839.2,4294966096,2020-09-02 14:37:42,2713795
1,1330,1839.2,4294966096,2020-09-02 14:37:42,2713796
1,1330,1839.2,4294966096,2020-09-02 14:37:43,2713796
1,1330,1838.5,4294966026,2020-09-02 14:37:45,2714362
1,1330,1839.2,4294966096,2020-09-02 14:37:45,2714419
1,1330,1839.2,4294966096,2020-09-02 14:37:46,2714591
1,1330,1838.55,4294966031,2020-09-02 14:37:47,2714662
1,1330,1838.55,4294966031,2020-09-02 14:37:49,2714783
1,1330,1838.55,4294966031,2020-09-02 14:37:50,2716281
1,1330,1839.0,4294966076,2020-09-02 14:37:50,2716523
1,1330,1839.25,4294966101,2020-09-02 14:37:51,2717170
1,1330,1839.25,4294966101,2020-09-02 14:37:52,2717196
1,1330,1839.25,4294966101,2020-09-02 14:37:54,2717228
1,1330,1839.9,4294966166,2020-09-02 14:37:54,2717231
1,1330,1839.9,4294966166,2020-09-02 14:37:55,2717277
1,1330,1840.0,4294966176,2020-09-02 14:37:57,2718374
1,1330,1840.0,4294966176,2020-09-02 14:37:57,2718473
1,1330,1840.0,4294966176,2020-09-02 14:37:58,2718567
1,1330,1840.0,4294966176,2020-09-02 14:37:59,2718586
1,1330,1840.0,4294966176,2020-09-02 14:38:01,2718990
1,1330,1840.0,4294966176,2020-09-02 14:38:01,2719491
1,1330,1840.1,4294966186,2020-09-02 14:38:02,2719541
1,1330,1840.0,4294966176,2020-09-02 14:38:04,2719613
1,1330,1840.05,4294966181,2020-09-02 14:38:05,2719620
1,1330,1840.05,4294966181,2020-09-02 14:38:06,2719678
1,1330,1840.0,4294966176,2020-09-02 14:38:06,2719673
1,1330,1840.0,4294966176,2020-09-02 14:38:07,2719688
1,1330,1840.0,4294966176,2020-09-02 14:38:08,2719804
1,1330,1840.05,4294966181,2020-09-02 14:38:10,2719816
1,1330,1840.05,4294966181,2020-09-02 14:38:11,2721237
1,1330,1840.4,4294966216,2020-09-02 14:38:11,2721238
1,1330,1840.6,4294966236,2020-09-02 14:38:12,2721342
1,1330,1840.65,4294966241,2020-09-02 14:38:13,2721358
1,1330,1840.7,4294966246,2020-09-02 14:38:15,2721505
1,1330,1840.5,4294966226,2020-09-02 14:38:15,2721520
1,1330,1840.7,4294966246,2020-09-02 14:38:16,2721678
1,1330,1840.7,4294966246,2020-09-02 14:38:17,2721794
1,1330,1840.75,4294966251,2020-09-02 14:38:19,2721844
1,1330,1840.75,4294966251,2020-09-02 14:38:20,2721863
1,1330,1840.75,4294966251,2020-09-02 14:38:21,2721882
1,1330,1840.45,4294966221,2020-09-02 14:38:21,2721984
1,1330,1840.75,4294966251,2020-09-02 14:38:22,2722087
1,1330,1840.5,4294966226,2020-09-02 14:38:23,2722210
1,1330,1840.75,4294966251,2020-09-02 14:38:25,2722357
1,1330,1840.5,4294966226,2020-09-02 14:38:25,2722523
1,1330,1840.75,4294966251,2020-09-02 14:38:26,2722540
1,1330,1840.75,4294966251,2020-09-02 14:38:27,2722542
1,1330,1840.75,4294966251,2020-09-02 14:38:29,2722542
1,1330,1840.45,4294966221,2020-09-02 14:38:29,2723385
1,1330,1840.75,4294966251,2020-09-02 14:38:30,2723469
1,1330,1840.55,4294966231,2020-09-02 14:38:32,2723777
1,1330,1840.45,4294966221,2020-09-02 14:38:33,2724395
1,1330,1840.05,4294966181,2020-09-02 14:38:34,2724458
1,1330,1840.5,4294966226,2020-09-02 14:38:34,2724464
1,1330,1840.05,4294966181,2020-09-02 14:38:35,2724475
1,1330,1840.7,4294966246,2020-09-02 14:38:36,2724526
1,1330,1840.55,4294966231,2020-09-02 14:38:38,2724533
1,1330,1840.7,4294966246,2020-09-02 14:38:38,2724532
1,1330,1840.55,4294966231,2020-09-02 14:38:39,2724533
1,1330,1840.55,4294966231,2020-09-02 14:38:41,2724533
1,1330,1840.55,4294966231,2020-09-02 14:38:41,2724533
1,1330,1840.35,4294966211,2020-09-02 14:38:42,2725963
1,1330,1840.55,4294966231,2020-09-02 14:38:44,2726427
1,1330,1840.35,4294966211,2020-09-02 14:38:45,2726856
1,1330,1840.55,4294966231,2020-09-02 14:38:45,2726946
1,1330,1840.45,4294966221,2020-09-02 14:38:47,2727207
1,1330,1840.95,4294966271,2020-09-02 14:38:47,2727212
1,1330,1841.0,4294966276,2020-09-02 14:38:49,2727213
1,1330,1841.0,4294966276,2020-09-02 14:38:49,2727213
1,1330,1841.0,4294966276,2020-09-02 14:38:50,2727407
1,1330,1841.0,4294966276,2020-09-02 14:38:52,2727961
1,1330,1841.0,4294966276,2020-09-02 14:38:53,2728023
1,1330,1840.7,4294966246,2020-09-02 14:38:53,2728030
1,1330,1841.0,4294966276,2020-09-02 14:38:54,2728031
1,1330,1840.7,4294966246,2020-09-02 14:38:56,2728034
1,1330,1840.7,4294966246,2020-09-02 14:38:57,2728034
1,1330,1841.0,4294966276,2020-09-02 14:38:58,2728135
1,1330,1841.0,4294966276,2020-09-02 14:38:58,2728145
1,1330,1841.0,4294966276,2020-09-02 14:38:59,2728156
1,1330,1841.0,4294966276,2020-09-02 14:39:00,2728157
1,1330,1841.0,4294966276,2020-09-02 14:39:01,2728157
1,1330,1841.0,4294966276,2020-09-02 14:39:02,2728157
1,1330,1841.0,4294966276,2020-09-02 14:39:04,2728267
1,1330,1841.0,4294966276,2020-09-02 14:39:04,2728278
1,1330,1841.0,4294966276,2020-09-02 14:39:05,2728279
1,1330,1841.0,4294966276,2020-09-02 14:39:07,2728280
1,1330,1841.0,4294966276,2020-09-02 14:39:07,2728280
1,1330,1841.0,4294966276,2020-09-02 14:39:08,2728280
1,1330,1840.1,4294966186,2020-09-02 14:39:10,2729372
1,1330,1840.1,4294966186,2020-09-02 14:39:11,2729492
1,1330,1840.4,4294966216,2020-09-02 14:39:12,2729814
1,1330,1840.4,4294966216,2020-09-02 14:39:12,2729785
1,1330,1840.4,4294966216,2020-09-02 14:39:13,2729835
1,1330,1840.4,4294966216,2020-09-02 14:39:14,2730016
1,1330,1840.4,4294966216,2020-09-02 14:39:15,2730034
1,1330,1840.0,4294966176,2020-09-02 14:39:17,2730285
1,1330,1840.25,4294966201,2020-09-02 14:39:17,2730320
1,1330,1840.0,4294966176,2020-09-02 14:39:18,2730339
1,1330,1840.0,4294966176,2020-09-02 14:39:19,2730909
1,1330,1840.0,4294966176,2020-09-02 14:39:20,2731511
1,1330,1840.1,4294966186,2020-09-02 14:39:21,2731624
1,1330,1840.0,4294966176,2020-09-02 14:39:22,2731688
1,1330,1840.0,4294966176,2020-09-02 14:39:24,2731696
1,1330,1840.1,4294966186,2020-09-02 14:39:24,2731697
1,1330,1840.1,4294966186,2020-09-02 14:39:25,2731697
1,1330,1840.1,4294966186,2020-09-02 14:39:26,2731735
1,1330,1840.0,4294966176,2020-09-02 14:39:27,2731748
1,1330,1840.1,4294966186,2020-09-02 14:39:29,2731749
1,1330,1840.1,4294966186,2020-09-02 14:39:29,2731751
1,1330,1840.0,4294966176,2020-09-02 14:39:30,2732825
1,1330,1840.05,4294966181,2020-09-02 14:39:31,2732932
1,1330,1840.05,4294966181,2020-09-02 14:39:32,2732944
1,1330,1840.0,4294966176,2020-09-02 14:39:34,2732952
1,1330,1840.05,4294966181,2020-09-02 14:39:35,2732953
1,1330,1840.05,4294966181,2020-09-02 14:39:35,2732953
1,1330,1840.0,4294966176,2020-09-02 14:39:36,2732965
1,1330,1840.05,4294966181,2020-09-02 14:39:37,2733066
1,1330,1840.05,4294966181,2020-09-02 14:39:38,2733076
1,1330,1840.05,4294966181,2020-09-02 14:39:40,2733110
1,1330,1840.0,4294966176,2020-09-02 14:39:40,2733107
1,1330,1840.05,4294966181,2020-09-02 14:39:41,2733697
1,1330,1840.05,4294966181,2020-09-02 14:39:43,2733760
1,1330,1840.0,4294966176,2020-09-02 14:39:44,2734616
1,1330,1840.0,4294966176,2020-09-02 14:39:45,2735326
1,1330,1840.05,4294966181,2020-09-02 14:39:45,2735397
1,1330,1840.0,4294966176,2020-09-02 14:39:46,2735609
1,1330,1840.05,4294966181,2020-09-02 14:39:47,2735766
1,1330,1840.05,4294966181,2020-09-02 14:39:49,2735782
1,1330,1840.0,4294966176,2020-09-02 14:39:49,2735799
1,1330,1840.05,4294966181,2020-09-02 14:39:50,2735801
1,1330,1840.05,4294966181,2020-09-02 14:39:51,2735948
1,1330,1840.05,4294966181,2020-09-02 14:39:52,2735966
1,1330,1840.4,4294966216,2020-09-02 14:39:54,2739125
1,1330,1841.0,4294966276,2020-09-02 14:39:55,2739446
1,1330,1841.0,4294966276,2020-09-02 14:39:56,2739617
1,1330,1841.15,4294966291,2020-09-02 14:39:57,2740821
1,1330,1841.5,4294966326,2020-09-02 14:39:57,2740828
1,1330,1841.5,4294966326,2020-09-02 14:39:58,2740828
1,1330,1841.55,4294966331,2020-09-02 14:40:00,2740855
1,1330,1841.1,4294966286,2020-09-02 14:40:01,2741102
1,1330,1841.5,4294966326,2020-09-02 14:40:01,2741109
1,1330,1841.5,4294966326,2020-09-02 14:40:02,2741255
1,1330,1841.55,4294966331,2020-09-02 14:40:03,2741496
1,1330,1841.6,4294966336,2020-09-02 14:40:05,2741532
1,1330,1841.6,4294966336,2020-09-02 14:40:06,2741536
1,1330,1841.6,4294966336,2020-09-02 14:40:07,2741536
1,1330,1841.6,4294966336,2020-09-02 14:40:08,2741536
1,1330,1841.6,4294966336,2020-09-02 14:40:09,2741590
1,1330,1842.05,4294966381,2020-09-02 14:40:10,2741705
1,1330,1842.5,4294966426,2020-09-02 14:40:10,2741711
1,1330,1842.65,4294966441,2020-09-02 14:40:11,2741824
1,1330,1841.85,4294966361,2020-09-02 14:40:12,2741871
1,1330,1842.6,4294966436,2020-09-02 14:40:14,2741901
1,1330,1842.6,4294966436,2020-09-02 14:40:15,2741904
1,1330,1842.45,4294966421,2020-09-02 14:40:16,2742734
1,1330,1842.0,4294966376,2020-09-02 14:40:16,2743109
1,1330,1841.75,4294966351,2020-09-02 14:40:17,2743244
1,1330,1842.25,4294966401,2020-09-02 14:40:18,2743267
1,1330,1841.45,4294966321,2020-09-02 14:40:19,2743321
1,1330,1841.25,4294966301,2020-09-02 14:40:21,2743475
1,1330,1841.85,4294966361,2020-09-02 14:40:22,2743500
1,1330,1841.05,4294966281,2020-09-02 14:40:22,2743646
1,1330,1841.05,4294966281,2020-09-02 14:40:23,2744055
1,1330,1841.75,4294966351,2020-09-02 14:40:24,2744096
1,1330,1841.75,4294966351,2020-09-02 14:40:26,2744100
1,1330,1841.75,4294966351,2020-09-02 14:40:26,2744101
1,1330,1841.75,4294966351,2020-09-02 14:40:27,2744102
1,1330,1841.0,4294966276,2020-09-02 14:40:29,2744464
1,1330,1841.2,4294966296,2020-09-02 14:40:30,2744510
1,1330,1841.0,4294966276,2020-09-02 14:40:30,2745032
1,1330,1841.25,4294966301,2020-09-02 14:40:31,2745085
1,1330,1841.0,4294966276,2020-09-02 14:40:32,2746062
1,1330,1841.0,4294966276,2020-09-02 14:40:33,2746168
1,1330,1841.25,4294966301,2020-09-02 14:40:34,2746178
1,1330,1841.15,4294966291,2020-09-02 14:40:35,2746179
1,1330,1841.0,4294966276,2020-09-02 14:40:37,2746185
1,1330,1841.0,4294966276,2020-09-02 14:40:38,2746185
1,1330,1841.0,4294966276,2020-09-02 14:40:38,2746237
1,1330,1841.1,4294966286,2020-09-02 14:40:39,2746358
1,1330,1841.05,4294966281,2020-09-02 14:40:41,2746620
1,1330,1841.05,4294966281,2020-09-02 14:40:42,2746647
1,1330,1841.05,4294966281,2020-09-02 14:40:42,2746649
1,1330,1841.05,4294966281,2020-09-02 14:40:43,2746650
1,1330,1841.05,4294966281,2020-09-02 14:40:45,2746661
1,1330,1841.0,4294966276,2020-09-02 14:40:45,2746660
1,1330,1841.05,4294966281,2020-09-02 14:40:46,2746774
1,1330,1841.05,4294966281,2020-09-02 14:40:47,2749607
1,1330,1841.55,4294966331,2020-09-02 14:40:49,2750146
1,1330,1842.0,4294966376,2020-09-02 14:40:49,2750200
1,1330,1842.0,4294966376,2020-09-02 14:40:50,2750206
1,1330,1841.55,4294966331,2020-09-02 14:40:51,2750408
1,1330,1841.55,4294966331,2020-09-02 14:40:53,2750547
1,1330,1842.0,4294966376,2020-09-02 14:40:53,2750715
1,1330,1842.0,4294966376,2020-09-02 14:40:54,2750732
1,1330,1841.55,4294966331,2020-09-02 14:40:55,2750735
1,1330,1841.55,4294966331,2020-09-02 14:40:56,2750759
1,1330,1841.55,4294966331,2020-09-02 14:40:57,2750814
1,1330,1841.55,4294966331,2020-09-02 14:40:59,2751009
1,1330,1842.0,4294966376,2020-09-02 14:40:59,2751039
1,1330,1841.4,4294966316,2020-09-02 14:41:00,2752899
1,1330,1841.7,4294966346,2020-09-02 14:41:02,2752992
1,1330,1841.7,4294966346,2020-09-02 14:41:03,2753013
1,1330,1841.85,4294966361,2020-09-02 14:41:04,2753096
1,1330,1841.9,4294966366,2020-09-02 14:41:04,2753104
1,1330,1841.9,4294966366,2020-09-02 14:41:05,2753105
1,1330,1841.9,4294966366,2020-09-02 14:41:07,2753105
1,1330,1841.5,4294966326,2020-09-02 14:41:08,2753127
1,1330,1841.6,4294966336,2020-09-02 14:41:08,2753229
1,1330,1841.6,4294966336,2020-09-02 14:41:09,2753240
1,1330,1841.6,4294966336,2020-09-02 14:41:11,2753242
1,1330,1841.6,4294966336,2020-09-02 14:41:11,2753242
1,1330,1841.5,4294966326,2020-09-02 14:41:12,2753322
1,1330,1841.5,4294966326,2020-09-02 14:41:14,2753356
1,1330,1841.55,4294966331,2020-09-02 14:41:14,2753359
1,1330,1841.55,4294966331,2020-09-02 14:41:15,2753365
1,1330,1841.55,4294966331,2020-09-02 14:41:16,2753447
1,1330,1841.55,4294966331,2020-09-02 14:41:17,2753455
1,1330,1841.4,4294966316,2020-09-02 14:41:18,2754117
1,1330,1841.45,4294966321,2020-09-02 14:41:19,2754854
1,1330,1841.0,4294966276,2020-09-02 14:41:21,2756196
1,1330,1840.9,4294966266,2020-09-02 14:41:21,2756330
1,1330,1840.8,4294966256,2020-09-02 14:41:22,2756474
1,1330,1840.8,4294966256,2020-09-02 14:41:23,2756506
1,1330,1840.8,4294966256,2020-09-02 14:41:24,2756709
1,1330,1840.8,4294966256,2020-09-02 14:41:26,2756730
1,1330,1840.8,4294966256,2020-09-02 14:41:26,2756732
1,1330,1840.8,4294966256,2020-09-02 14:41:27,2756732
1,1330,1840.8,4294966256,2020-09-02 14:41:28,2756791
1,1330,1840.7,4294966246,2020-09-02 14:41:30,2756872
1,1330,1840.8,4294966256,2020-09-02 14:41:30,2756918
1,1330,1840.8,4294966256,2020-09-02 14:41:31,2757122
1,1330,1840.8,4294966256,2020-09-02 14:41:32,2760513
1,1330,1841.0,4294966276,2020-09-02 14:41:34,2760566
1,1330,1841.0,4294966276,2020-09-02 14:41:35,2760673
1,1330,1841.2,4294966296,2020-09-02 14:41:36,2760905
1,1330,1841.2,4294966296,2020-09-02 14:41:36,2760928
1,1330,1841.15,4294966291,2020-09-02 14:41:37,2760930
1,1330,1841.15,4294966291,2020-09-02 14:41:38,2760946
1,1330,1841.15,4294966291,2020-09-02 14:41:39,2760947
1,1330,1841.0,4294966276,2020-09-02 14:41:41,2760962
1,1330,1841.1,4294966286,2020-09-02 14:41:41,2760964
1,1330,1841.1,4294966286,2020-09-02 14:41:42,2760984
1,1330,1841.1,4294966286,2020-09-02 14:41:44,2761074
1,1330,1841.0,4294966276,2020-09-02 14:41:44,2761066
1,1330,1840.9,4294966266,2020-09-02 14:41:45,2761805
1,1330,1841.15,4294966291,2020-09-02 14:41:47,2762098
1,1330,1841.15,4294966291,2020-09-02 14:41:48,2762294
1,1330,1841.0,4294966276,2020-09-02 14:41:49,2762339
1,1330,1841.0,4294966276,2020-09-02 14:41:50,2762344
1,1330,1841.0,4294966276,2020-09-02 14:41:51,2762344
1,1330,1840.9,4294966266,2020-09-02 14:41:51,2762353
1,1330,1840.9,4294966266,2020-09-02 14:41:52,2762371
1,1330,1841.0,4294966276,2020-09-02 14:41:53,2762404
1,1330,1840.9,4294966266,2020-09-02 14:41:55,2762589
1,1330,1841.0,4294966276,2020-09-02 14:41:56,2763068
1,1330,1841.0,4294966276,2020-09-02 14:41:56,2763115
1,1330,1840.9,4294966266,2020-09-02 14:41:57,2763122
1,1330,1841.0,4294966276,2020-09-02 14:41:59,2763143
1,1330,1840.95,4294966271,2020-09-02 14:41:59,2763144
1,1330,1840.95,4294966271,2020-09-02 14:42:00,2763293
1,1330,1840.95,4294966271,2020-09-02 14:42:01,2763308
1,1330,1840.8,4294966256,2020-09-02 14:42:03,2763739
1,1330,1840.8,4294966256,2020-09-02 14:42:04,2763806
1,1330,1840.8,4294966256,2020-09-02 14:42:05,2763816
1,1330,1840.85,4294966261,2020-09-02 14:42:06,2763862
1,1330,1840.8,4294966256,2020-09-02 14:42:07,2763877
1,1330,1840.85,4294966261,2020-09-02 14:42:07,2763878
1,1330,1840.85,4294966261,2020-09-02 14:42:08,2763878
1,1330,1840.85,4294966261,2020-09-02 14:42:10,2763938
1,1330,1840.85,4294966261,2020-09-02 14:42:10,2763944
1,1330,1840.8,4294966256,2020-09-02 14:42:11,2764328
1,1330,1840.0,4294966176,2020-09-02 14:42:12,2766252
1,1330,1839.7,4294966146,2020-09-02 14:42:13,2766559
1,1330,1839.6,4294966136,2020-09-02 14:42:14,2766776
1,1330,1839.65,4294966141,2020-09-02 14:42:16,2766797
1,1330,1839.55,4294966131,2020-09-02 14:42:17,2766800
1,1330,1839.6,4294966136,2020-09-02 14:42:17,2766811
1,1330,1839.55,4294966131,2020-09-02 14:42:18,2767981
1,1330,1839.5,4294966126,2020-09-02 14:42:20,2768152
1,1330,1839.5,4294966126,2020-09-02 14:42:21,2768250
1,1330,1839.45,4294966121,2020-09-02 14:42:22,2768381
1,1330,1839.1,4294966086,2020-09-02 14:42:23,2769461
1,1330,1839.45,4294966121,2020-09-02 14:42:23,2769569
1,1330,1839.5,4294966126,2020-09-02 14:42:24,2770385
1,1330,1839.45,4294966121,2020-09-02 14:42:26,2770466
1,1330,1839.45,4294966121,2020-09-02 14:42:26,2770474
1,1330,1839.05,4294966081,2020-09-02 14:42:27,2770575
1,1330,1839.45,4294966121,2020-09-02 14:42:29,2770586
1,1330,1839.45,4294966121,2020-09-02 14:42:29,2770585
1,1330,1839.45,4294966121,2020-09-02 14:42:31,2771086
1,1330,1839.05,4294966081,2020-09-02 14:42:32,2771188
1,1330,1839.05,4294966081,2020-09-02 14:42:32,2771304
1,1330,1839.2,4294966096,2020-09-02 14:42:34,2771362
1,1330,1839.2,4294966096,2020-09-02 14:42:35,2771370
1,1330,1839.2,4294966096,2020-09-02 14:42:36,2771371
1,1330,1839.2,4294966096,2020-09-02 14:42:36,2771402
1,1330,1839.05,4294966081,2020-09-02 14:42:37,2771540
1,1330,1839.15,4294966091,2020-09-02 14:42:39,2771564
1,1330,1839.05,4294966081,2020-09-02 14:42:40,2771667
1,1330,1839.15,4294966091,2020-09-02 14:42:41,2771777
1,1330,1839.15,4294966091,2020-09-02 14:42:41,2771788
1,1330,1839.15,4294966091,2020-09-02 14:42:42,2771790
1,1330,1839.15,4294966091,2020-09-02 14:42:43,2771791
1,1330,1839.1,4294966086,2020-09-02 14:42:44,2772871
1,1330,1839.05,4294966081,2020-09-02 14:42:46,2772901
1,1330,1839.05,4294966081,2020-09-02 14:42:47,2773053
1,1330,1839.1,4294966086,2020-09-02 14:42:47,2773068
1,1330,1838.15,4294965991,2020-09-02 14:42:48,2773369
1,1330,1838.95,4294966071,2020-09-02 14:42:50,2773551
1,1330,1839.0,4294966076,2020-09-02 14:42:50,2773710
1,1330,1839.0,4294966076,2020-09-02 14:42:51,2773958
1,1330,1839.0,4294966076,2020-09-02 14:42:53,2773982
1,1330,1838.6,4294966036,2020-09-02 14:42:53,2774005
1,1330,1838.8,4294966056,2020-09-02 14:42:55,2774029
1,1330,1838.8,4294966056,2020-09-02 14:42:55,2774027
1,1330,1838.8,4294966056,2020-09-02 14:42:56,2774134
1,1330,1838.35,4294966011,2020-09-02 14:42:58,2774163
1,1330,1838.15,4294965991,2020-09-02 14:42:58,2774905
1,1330,1838.3,4294966006,2020-09-02 14:42:59,2776179
1,1330,1838.0,4294965976,2020-09-02 14:43:00,2776806
1,1330,1838.0,4294965976,2020-09-02 14:43:02,2777042
1,1330,1837.9,4294965966,2020-09-02 14:43:03,2777070
1,1330,1837.9,4294965966,2020-09-02 14:43:03,2777090
1,1330,1837.4,4294965916,2020-09-02 14:43:04,2777584
1,1330,1837.4,4294965916,2020-09-02 14:43:06,2777584
1,1330,1837.4,4294965916,2020-09-02 14:43:06,2777592
1,1330,1837.4,4294965916,2020-09-02 14:43:07,2777592
1,1330,1837.45,4294965921,2020-09-02 14:43:09,2777897
1,1330,1837.45,4294965921,2020-09-02 14:43:09,2777897
1,1330,1837.35,4294965911,2020-09-02 14:43:10,2777977
1,1330,1837.35,4294965911,2020-09-02 14:43:11,2777977
1,1330,1837.45,4294965921,2020-09-02 14:43:12,2780100
1,1330,1837.35,4294965911,2020-09-02 14:43:14,2780151
1,1330,1837.65,4294965941,2020-09-02 14:43:15,2780173
1,1330,1837.65,4294965941,2020-09-02 14:43:16,2780183
1,1330,1837.35,4294965911,2020-09-02 14:43:16,2780259
1,1330,1837.65,4294965941,2020-09-02 14:43:17,2780260
1,1330,1837.95,4294965971,2020-09-02 14:43:18,2780310
1,1330,1837.95,4294965971,2020-09-02 14:43:19,2780310
1,1330,1837.35,4294965911,2020-09-02 14:43:21,2780331
1,1330,1837.35,4294965911,2020-09-02 14:43:21,2780331
1,1330,1837.5,4294965926,2020-09-02 14:43:22,2780471
1,1330,1837.5,4294965926,2020-09-02 14:43:23,2780587
1,1330,1837.5,4294965926,2020-09-02 14:43:24,2782014
1,1330,1837.8,4294965956,2020-09-02 14:43:26,2786137
1,1330,1837.95,4294965971,2020-09-02 14:43:26,2782217
1,1330,1837.45,4294965921,2020-09-02 14:43:27,2786339
1,1330,1836.65,4294965841,2020-09-02 14:43:29,2786416
1,1330,1836.65,4294965841,2020-09-02 14:43:29,2786441
1,1330,1837.45,4294965921,2020-09-02 14:43:31,2786653
1,1330,1837.0,4294965876,2020-09-02 14:43:31,2786658
1,1330,1837.0,4294965876,2020-09-02 14:43:32,2786669
1,1330,1836.95,4294965871,2020-09-02 14:43:33,2786788
1,1330,1836.95,4294965871,2020-09-02 14:43:35,2786788
1,1330,1836.95,4294965871,2020-09-02 14:43:36,2787117
1,1330,1836.75,4294965851,2020-09-02 14:43:37,2787291
1,1330,1836.75,4294965851,2020-09-02 14:43:37,2787291
1,1330,1836.75,4294965851,2020-09-02 14:43:38,2787291
1,1330,1836.75,4294965851,2020-09-02 14:43:39,2787393
1,1330,1836.75,4294965851,2020-09-02 14:43:41,2787393
1,1330,1836.75,4294965851,2020-09-02 14:43:42,2787393
1,1330,1836.95,4294965871,2020-09-02 14:43:43,2788591
1,1330,1836.75,4294965851,2020-09-02 14:43:43,2788657
1,1330,1836.9,4294965866,2020-09-02 14:43:44,2788776
1,1330,1836.55,4294965831,2020-09-02 14:43:46,2788807
1,1330,1836.3,4294965806,2020-09-02 14:43:47,2789062
1,1330,1836.5,4294965826,2020-09-02 14:43:47,2789063
1,1330,1835.35,4294965711,2020-09-02 14:43:49,2790103
1,1330,1835.9,4294965766,2020-09-02 14:43:50,2790253
1,1330,1835.9,4294965766,2020-09-02 14:43:51,2790303
1,1330,1835.35,4294965711,2020-09-02 14:43:51,2790314
1,1330,1835.3,4294965706,2020-09-02 14:43:52,2790339
1,1330,1835.3,4294965706,2020-09-02 14:43:54,2790339
1,1330,1835.3,4294965706,2020-09-02 14:43:54,2790354
1,1330,1835.3,4294965706,2020-09-02 14:43:55,2790354
1,1330,1835.55,4294965731,2020-09-02 14:43:57,2790564
1,1330,1835.3,4294965706,2020-09-02 14:43:58,2790595
1,1330,1835.3,4294965706,2020-09-02 14:43:59,2790611
1,1330,1835.3,4294965706,2020-09-02 14:43:59,2790611
1,1330,1835.5,4294965726,2020-09-02 14:44:00,2790617
1,1330,1835.3,4294965706,2020-09-02 14:44:02,2790692
1,1330,1835.3,4294965706,2020-09-02 14:44:03,2790700
1,1330,1835.3,4294965706,2020-09-02 14:44:04,2790700
1,1330,1835.45,4294965721,2020-09-02 14:44:04,2790710
1,1330,1835.45,4294965721,2020-09-02 14:44:06,2790970
1,1330,1835.1,4294965686,2020-09-02 14:44:07,2791999
1,1330,1835.0,4294965676,2020-09-02 14:44:08,2794607
1,1330,1835.0,4294965676,2020-09-02 14:44:09,2794688
1,1330,1835.1,4294965686,2020-09-02 14:44:10,2794693
1,1330,1835.1,4294965686,2020-09-02 14:44:10,2794693
1,1330,1835.15,4294965691,2020-09-02 14:44:12,2794944
1,1330,1835.15,4294965691,2020-09-02 14:44:13,2794944
1,1330,1835.15,4294965691,2020-09-02 14:44:14,2795035
1,1330,1835.15,4294965691,2020-09-02 14:44:14,2795065
1,1330,1835.0,4294965676,2020-09-02 14:44:16,2795082
1,1330,1835.0,4294965676,2020-09-02 14:44:17,2795082
1,1330,1835.0,4294965676,2020-09-02 14:44:18,2795153
1,1330,1835.1,4294965686,2020-09-02 14:44:18,2795154
1,1330,1835.0,4294965676,2020-09-02 14:44:20,2795266
1,1330,1835.0,4294965676,2020-09-02 14:44:21,2796275
1,1330,1835.0,4294965676,2020-09-02 14:44:21,2796275
1,1330,1835.1,4294965686,2020-09-02 14:44:22,2796485
1,1330,1835.05,4294965681,2020-09-02 14:44:24,2796857
1,1330,1835.05,4294965681,2020-09-02 14:44:24,2796857
1,1330,1835.0,4294965676,2020-09-02 14:44:26,2797617
1,1330,1835.05,4294965681,2020-09-02 14:44:27,2800847
1,1330,1835.05,4294965681,2020-09-02 14:44:27,2800847
1,1330,1835.1,4294965686,2020-09-02 14:44:28,2801047
1,1330,1835.1,4294965686,2020-09-02 14:44:30,2801068
1,1330,1835.1,4294965686,2020-09-02 14:44:30,2801068
1,1330,1835.1,4294965686,2020-09-02 14:44:32,2801088
1,1330,1835.0,4294965676,2020-09-02 14:44:33,2801188
1,1330,1835.1,4294965686,2020-09-02 14:44:34,2801436
1,1330,1835.1,4294965686,2020-09-02 14:44:34,2801436
1,1330,1835.2,4294965696,2020-09-02 14:44:36,2802291
1,1330,1835.2,4294965696,2020-09-02 14:44:36,2802291
1,1330,1835.55,4294965731,2020-09-02 14:44:37,2802875
1,1330,1835.55,4294965731,2020-09-02 14:44:38,2803002
1,1330,1835.55,4294965731,2020-09-02 14:44:40,2803133
1,1330,1835.55,4294965731,2020-09-02 14:44:40,2803135
1,1330,1835.55,4294965731,2020-09-02 14:44:41,2803135
1,1330,1835.55,4294965731,2020-09-02 14:44:43,2803161
1,1330,1836.65,4294965841,2020-09-02 14:44:43,2803681
1,1330,1836.0,4294965776,2020-09-02 14:44:45,2804020
1,1330,1836.05,4294965781,2020-09-02 14:44:45,2804022
1,1330,1836.05,4294965781,2020-09-02 14:44:46,2804027
1,1330,1836.55,4294965831,2020-09-02 14:44:47,2804097
1,1330,1836.55,4294965831,2020-09-02 14:44:48,2804097
1,1330,1836.55,4294965831,2020-09-02 14:44:50,2804289
1,1330,1836.55,4294965831,2020-09-02 14:44:51,2804329
1,1330,1836.55,4294965831,2020-09-02 14:44:52,2804334
1,1330,1836.55,4294965831,2020-09-02 14:44:52,2804346
1,1330,1836.55,4294965831,2020-09-02 14:44:53,2804363
1,1330,1836.4,4294965816,2020-09-02 14:44:55,2804495
1,1330,1836.4,4294965816,2020-09-02 14:44:55,2804495
1,1330,1836.4,4294965816,2020-09-02 14:44:57,2804704
1,1330,1836.25,4294965801,2020-09-02 14:44:58,2804804
1,1330,1836.4,4294965816,2020-09-02 14:44:59,2804814
1,1330,1836.3,4294965806,2020-09-02 14:44:59,2804819
1,1330,1836.35,4294965811,2020-09-02 14:45:00,2804820
1,1330,1836.4,4294965816,2020-09-02 14:45:02,2805047
1,1330,1836.25,4294965801,2020-09-02 14:45:03,2805067
1,1330,1836.25,4294965801,2020-09-02 14:45:04,2805119
1,1330,1836.25,4294965801,2020-09-02 14:45:04,2805119
1,1330,1836.4,4294965816,2020-09-02 14:45:05,2805319
1,1330,1836.4,4294965816,2020-09-02 14:45:07,2805741
1,1330,1836.4,4294965816,2020-09-02 14:45:08,2805742
1,1330,1836.35,4294965811,2020-09-02 14:45:09,2805749
1,1330,1836.25,4294965801,2020-09-02 14:45:10,2805774
1,1330,1836.25,4294965801,2020-09-02 14:45:10,2805777
1,1330,1836.35,4294965811,2020-09-02 14:45:12,2805827
1,1330,1836.25,4294965801,2020-09-02 14:45:13,2806087
1,1330,1836.25,4294965801,2020-09-02 14:45:14,2806178
1,1330,1836.25,4294965801,2020-09-02 14:45:14,2806192
1,1330,1836.35,4294965811,2020-09-02 14:45:16,2806492
1,1330,1836.35,4294965811,2020-09-02 14:45:17,2806492
1,1330,1836.4,4294965816,2020-09-02 14:45:17,2806533
1,1330,1836.4,4294965816,2020-09-02 14:45:19,2806553
1,1330,1836.4,4294965816,2020-09-02 14:45:19,2806553
1,1330,1836.4,4294965816,2020-09-02 14:45:20,2806553
1,1330,1836.4,4294965816,2020-09-02 14:45:22,2806640
1,1330,1836.25,4294965801,2020-09-02 14:45:23,2806702
1,1330,1836.25,4294965801,2020-09-02 14:45:23,2806702
1,1330,1836.4,4294965816,2020-09-02 14:45:24,2806703
1,1330,1836.3,4294965806,2020-09-02 14:45:26,2806903
1,1330,1836.3,4294965806,2020-09-02 14:45:26,2806903
1,1330,1836.4,4294965816,2020-09-02 14:45:28,2806905
1,1330,1836.3,4294965806,2020-09-02 14:45:29,2807035
1,1330,1836.3,4294965806,2020-09-02 14:45:30,2807133
1,1330,1836.3,4294965806,2020-09-02 14:45:30,2807133
1,1330,1836.4,4294965816,2020-09-02 14:45:31,2808733
1,1330,1836.4,4294965816,2020-09-02 14:45:33,2808908
1,1330,1836.5,4294965826,2020-09-02 14:45:34,2809035
1,1330,1836.5,4294965826,2020-09-02 14:45:35,2809038
1,1330,1836.5,4294965826,2020-09-02 14:45:35,2809038
1,1330,1836.5,4294965826,2020-09-02 14:45:37,2809038
1,1330,1836.5,4294965826,2020-09-02 14:45:38,2809038
1,1330,1836.5,4294965826,2020-09-02 14:45:38,2809053
1,1330,1836.5,4294965826,2020-09-02 14:45:40,2809079
1,1330,1836.5,4294965826,2020-09-02 14:45:41,2809081
1,1330,1836.5,4294965826,2020-09-02 14:45:41,2809081
1,1330,1836.5,4294965826,2020-09-02 14:45:42,2809428
1,1330,1836.5,4294965826,2020-09-02 14:45:44,2809478
1,1330,1836.5,4294965826,2020-09-02 14:45:45,2809578
1,1330,1836.5,4294965826,2020-09-02 14:45:46,2809667
1,1330,1836.5,4294965826,2020-09-02 14:45:46,2809667
1,1330,1836.5,4294965826,2020-09-02 14:45:47,2809797
1,1330,1836.45,4294965821,2020-09-02 14:45:49,2809897
1,1330,1836.5,4294965826,2020-09-02 14:45:50,2810230
1,1330,1836.5,4294965826,2020-09-02 14:45:50,2810230
1,1330,1836.5,4294965826,2020-09-02 14:45:52,2810483
1,1330,1836.5,4294965826,2020-09-02 14:45:53,2810493
1,1330,1836.5,4294965826,2020-09-02 14:45:53,2810509
1,1330,1836.45,4294965821,2020-09-02 14:45:54,2810562
1,1330,1836.5,4294965826,2020-09-02 14:45:56,2810922
1,1330,1836.55,4294965831,2020-09-02 14:45:57,2811124
1,1330,1836.55,4294965831,2020-09-02 14:45:57,2811124
1,1330,1836.55,4294965831,2020-09-02 14:45:58,2811266
1,1330,1836.5,4294965826,2020-09-02 14:46:00,2811792
1,1330,1836.25,4294965801,2020-09-02 14:46:01,2812680
1,1330,1836.35,4294965811,2020-09-02 14:46:01,2812712
1,1330,1836.35,4294965811,2020-09-02 14:46:02,2812743
1,1330,1836.1,4294965786,2020-09-02 14:46:03,2813067
1,1330,1836.1,4294965786,2020-09-02 14:46:05,2813164
1,1330,1836.1,4294965786,2020-09-02 14:46:06,2813164
1,1330,1835.25,4294965701,2020-09-02 14:46:07,2813323
1,1330,1835.25,4294965701,2020-09-02 14:46:07,2813323
1,1330,1835.0,4294965676,2020-09-02 14:46:09,2815269
1,1330,1835.0,4294965676,2020-09-02 14:46:10,2816257
1,1330,1834.8,4294965656,2020-09-02 14:46:11,2818437
1,1330,1835.0,4294965676,2020-09-02 14:46:11,2818438
1,1330,1835.3,4294965706,2020-09-02 14:46:12,2820256
1,1330,1835.3,4294965706,2020-09-02 14:46:13,2820256
1,1330,1835.0,4294965676,2020-09-02 14:46:15,2820446
1,1330,1835.0,4294965676,2020-09-02 14:46:16,2824642
1,1330,1835.15,4294965691,2020-09-02 14:46:17,2824794
1,1330,1835.15,4294965691,2020-09-02 14:46:17,2824794
1,1330,1835.0,4294965676,2020-09-02 14:46:18,2826771
1,1330,1835.0,4294965676,2020-09-02 14:46:20,2826771
1,1330,1835.3,4294965706,2020-09-02 14:46:21,2826825
1,1330,1835.0,4294965676,2020-09-02 14:46:21,2826826
1,1330,1835.65,4294965741,2020-09-02 14:46:22,2827530
1,1330,1835.65,4294965741,2020-09-02 14:46:24,2827576
1,1330,1835.35,4294965711,2020-09-02 14:46:25,2827577
1,1330,1835.65,4294965741,2020-09-02 14:46:26,2828161
1,1330,1835.65,4294965741,2020-09-02 14:46:27,2828211
1,1330,1835.65,4294965741,2020-09-02 14:46:28,2828211
1,1330,1835.65,4294965741,2020-09-02 14:46:29,2828238
1,1330,1836.2,4294965796,2020-09-02 14:46:29,2828539
1,1330,1836.3,4294965806,2020-09-02 14:46:31,2828560
1,1330,1836.0,4294965776,2020-09-02 14:46:32,2828660
1,1330,1836.0,4294965776,2020-09-02 14:46:33,2828667
1,1330,1836.15,4294965791,2020-09-02 14:46:34,2828869
1,1330,1836.15,4294965791,2020-09-02 14:46:34,2828869
1,1330,1836.0,4294965776,2020-09-02 14:46:35,2829012
1,1330,1836.0,4294965776,2020-09-02 14:46:37,2829017
1,1330,1836.0,4294965776,2020-09-02 14:46:38,2829017
1,1330,1836.0,4294965776,2020-09-02 14:46:39,2829105
1,1330,1836.0,4294965776,2020-09-02 14:46:39,2829105
1,1330,1836.1,4294965786,2020-09-02 14:46:41,2829130
1,1330,1836.1,4294965786,2020-09-02 14:46:42,2829363
1,1330,1836.1,4294965786,2020-09-02 14:46:42,2829249
1,1330,1836.1,4294965786,2020-09-02 14:46:43,2829363
1,1330,1836.1,4294965786,2020-09-02 14:46:45,2829500
1,1330,1836.1,4294965786,2020-09-02 14:46:46,2829520
1,1330,1836.0,4294965776,2020-09-02 14:46:47,2829521
1,1330,1836.1,4294965786,2020-09-02 14:46:48,2829636
1,1330,1836.1,4294965786,2020-09-02 14:46:48,2829636
1,1330,1836.05,4294965781,2020-09-02 14:46:50,2829670
1,1330,1836.0,4294965776,2020-09-02 14:46:51,2829680
1,1330,1836.05,4294965781,2020-09-02 14:46:51,2829700
1,1330,1836.05,4294965781,2020-09-02 14:46:53,2830552
1,1330,1836.05,4294965781,2020-09-02 14:46:54,2830561
1,1330,1836.05,4294965781,2020-09-02 14:46:54,2830561
1,1330,1836.0,4294965776,2020-09-02 14:46:56,2830631
1,1330,1836.05,4294965781,2020-09-02 14:46:57,2830761
1,1330,1836.05,4294965781,2020-09-02 14:46:58,2830814
1,1330,1836.05,4294965781,2020-09-02 14:46:58,2830814
1,1330,1836.0,4294965776,2020-09-02 14:47:00,2830823
1,1330,1836.0,4294965776,2020-09-02 14:47:01,2830824
1,1330,1836.0,4294965776,2020-09-02 14:47:01,2830824
1,1330,1836.05,4294965781,2020-09-02 14:47:02,2830910
1,1330,1836.0,4294965776,2020-09-02 14:47:04,2830918
1,1330,1836.0,4294965776,2020-09-02 14:47:05,2830918
1,1330,1836.0,4294965776,2020-09-02 14:47:05,2830918
1,1330,1835.9,4294965766,2020-09-02 14:47:06,2831718
1,1330,1835.6,4294965736,2020-09-02 14:47:07,2832199
1,1330,1835.6,4294965736,2020-09-02 14:47:08,2832199
1,1330,1835.0,4294965676,2020-09-02 14:47:09,2832219
1,1330,1835.0,4294965676,2020-09-02 14:47:10,2832229
1,1330,1835.0,4294965676,2020-09-02 14:47:12,2832229
1,1330,1835.0,4294965676,2020-09-02 14:47:13,2832229
1,1330,1835.0,4294965676,2020-09-02 14:47:14,2832534
1,1330,1835.15,4294965691,2020-09-02 14:47:15,2832539
1,1330,1835.1,4294965686,2020-09-02 14:47:16,2832551
1,1330,1835.1,4294965686,2020-09-02 14:47:16,2832551
1,1330,1835.0,4294965676,2020-09-02 14:47:17,2832653
1,1330,1835.0,4294965676,2020-09-02 14:47:18,2832753
1,1330,1835.05,4294965681,2020-09-02 14:47:20,2832803
1,1330,1835.05,4294965681,2020-09-02 14:47:21,2832803
1,1330,1835.05,4294965681,2020-09-02 14:47:22,2832803
1,1330,1835.05,4294965681,2020-09-02 14:47:22,2832803
1,1330,1835.0,4294965676,2020-09-02 14:47:23,2832956
1,1330,1835.1,4294965686,2020-09-02 14:47:24,2836594
1,1330,1835.1,4294965686,2020-09-02 14:47:26,2837642
1,1330,1835.0,4294965676,2020-09-02 14:47:27,2839026
1,1330,1835.0,4294965676,2020-09-02 14:47:28,2839031
1,1330,1835.0,4294965676,2020-09-02 14:47:28,2839031
1,1330,1835.0,4294965676,2020-09-02 14:47:29,2839031
1,1330,1835.1,4294965686,2020-09-02 14:47:30,2839038
1,1330,1835.0,4294965676,2020-09-02 14:47:31,2839049
1,1330,1835.1,4294965686,2020-09-02 14:47:33,2839066
1,1330,1835.15,4294965691,2020-09-02 14:47:34,2839502
1,1330,1835.15,4294965691,2020-09-02 14:47:35,2839505
1,1330,1835.15,4294965691,2020-09-02 14:47:35,2839505
1,1330,1835.1,4294965686,2020-09-02 14:47:36,2839559
1,1330,1835.1,4294965686,2020-09-02 14:47:38,2839848
1,1330,1835.1,4294965686,2020-09-02 14:47:39,2839898
1,1330,1835.1,4294965686,2020-09-02 14:47:39,2839900
1,1330,1835.25,4294965701,2020-09-02 14:47:40,2840368
1,1330,1835.5,4294965726,2020-09-02 14:47:42,2840464
1,1330,1835.4,4294965716,2020-09-02 14:47:43,2840525
1,1330,1835.4,4294965716,2020-09-02 14:47:44,2840525
1,1330,1835.4,4294965716,2020-09-02 14:47:44,2840525
1,1330,1835.4,4294965716,2020-09-02 14:47:45,2840525
1,1330,1835.4,4294965716,2020-09-02 14:47:46,2841036
1,1330,1835.4,4294965716,2020-09-02 14:47:47,2841036
1,1330,1835.4,4294965716,2020-09-02 14:47:48,2841036
1,1330,1835.4,4294965716,2020-09-02 14:47:49,2841049
1,1330,1835.4,4294965716,2020-09-02 14:47:51,2841074
1,1330,1835.4,4294965716,2020-09-02 14:47:52,2841324
1,1330,1835.9,4294965766,2020-09-02 14:47:53,2841364
1,1330,1836.0,4294965776,2020-09-02 14:47:53,2841394
1,1330,1835.35,4294965711,2020-09-02 14:47:54,2841434
1,1330,1835.35,4294965711,2020-09-02 14:47:55,2841446
1,1330,1835.35,4294965711,2020-09-02 14:47:57,2841446
1,1330,1835.35,4294965711,2020-09-02 14:47:58,2841488
1,1330,1835.35,4294965711,2020-09-02 14:47:59,2841624
1,1330,1835.3,4294965706,2020-09-02 14:48:00,2841809
1,1330,1835.3,4294965706,2020-09-02 14:48:00,2841809
1,1330,1835.3,4294965706,2020-09-02 14:48:01,2842213
1,1330,1835.3,4294965706,2020-09-02 14:48:03,2842227
1,1330,1835.35,4294965711,2020-09-02 14:48:04,2842477
1,1330,1835.35,4294965711,2020-09-02 14:48:05,2842477
1,1330,1835.35,4294965711,2020-09-02 14:48:06,2842727
1,1330,1835.35,4294965711,2020-09-02 14:48:06,2842727
1,1330,1835.35,4294965711,2020-09-02 14:48:07,2842727
1,1330,1835.35,4294965711,2020-09-02 14:48:09,2842727
1,1330,1835.35,4294965711,2020-09-02 14:48:10,2842777
1,1330,1835.3,4294965706,2020-09-02 14:48:11,2842784
1,1330,1835.35,4294965711,2020-09-02 14:48:12,2842809
1,1330,1835.35,4294965711,2020-09-02 14:48:12,2842810
1,1330,1835.3,4294965706,2020-09-02 14:48:14,2843303
1,1330,1835.3,4294965706,2020-09-02 14:48:14,2843303
1,1330,1835.35,4294965711,2020-09-02 14:48:15,2843319
1,1330,1835.3,4294965706,2020-09-02 14:48:16,2843413
1,1330,1835.35,4294965711,2020-09-02 14:48:18,2843433
1,1330,1835.5,4294965726,2020-09-02 14:48:19,2844183
1,1330,1835.5,4294965726,2020-09-02 14:48:19,2844183
1,1330,1835.3,4294965706,2020-09-02 14:48:20,2844187
1,1330,1835.3,4294965706,2020-09-02 14:48:22,2844187
1,1330,1835.35,4294965711,2020-09-02 14:48:22,2844217
1,1330,1835.35,4294965711,2020-09-02 14:48:24,2844319
1,1330,1835.3,4294965706,2020-09-02 14:48:25,2844339
1,1330,1835.3,4294965706,2020-09-02 14:48:25,2844339
1,1330,1835.3,4294965706,2020-09-02 14:48:27,2844389
1,1330,1835.35,4294965711,2020-09-02 14:48:28,2844525
1,1330,1835.35,4294965711,2020-09-02 14:48:28,2844525
1,1330,1835.3,4294965706,2020-09-02 14:48:29,2844560
1,1330,1835.3,4294965706,2020-09-02 14:48:30,2844568
1,1330,1835.35,4294965711,2020-09-02 14:48:32,2844606
1,1330,1835.3,4294965706,2020-09-02 14:48:33,2844616
1,1330,1835.35,4294965711,2020-09-02 14:48:34,2844941
1,1330,1835.35,4294965711,2020-09-02 14:48:34,2844941
1,1330,1835.35,4294965711,2020-09-02 14:48:35,2845041
1,1330,1835.35,4294965711,2020-09-02 14:48:37,2845079
1,1330,1835.35,4294965711,2020-09-02 14:48:38,2845200
1,1330,1835.35,4294965711,2020-09-02 14:48:38,2845207
1,1330,1835.35,4294965711,2020-09-02 14:48:40,2845212
1,1330,1835.35,4294965711,2020-09-02 14:48:41,2845512
1,1330,1835.35,4294965711,2020-09-02 14:48:41,2845512
1,1330,1835.35,4294965711,2020-09-02 14:48:43,2845518
1,1330,1835.35,4294965711,2020-09-02 14:48:44,2845762
1,1330,1835.35,4294965711,2020-09-02 14:48:45,2845772
1,1330,1835.35,4294965711,2020-09-02 14:48:45,2845772
1,1330,1835.35,4294965711,2020-09-02 14:48:47,2845773
1,1330,1835.35,4294965711,2020-09-02 14:48:48,2845838
1,1330,1835.3,4294965706,2020-09-02 14:48:49,2845888
1,1330,1835.3,4294965706,2020-09-02 14:48:49,2846138
1,1330,1835.35,4294965711,2020-09-02 14:48:51,2846261
1,1330,1835.35,4294965711,2020-09-02 14:48:52,2846363
1,1330,1835.35,4294965711,2020-09-02 14:48:52,2846363
1,1330,1835.35,4294965711,2020-09-02 14:48:53,2846378
1,1330,1835.35,4294965711,2020-09-02 14:48:54,2846384
1,1330,1835.35,4294965711,2020-09-02 14:48:56,2846384
1,1330,1835.3,4294965706,2020-09-02 14:48:56,2846484
1,1330,1835.3,4294965706,2020-09-02 14:48:57,2846600
1,1330,1835.35,4294965711,2020-09-02 14:48:59,2846603
1,1330,1835.35,4294965711,2020-09-02 14:49:00,2846618
1,1330,1835.0,4294965676,2020-09-02 14:49:01,2849335
1,1330,1835.0,4294965676,2020-09-02 14:49:01,2849335
1,1330,1835.25,4294965701,2020-09-02 14:49:02,2850216
1,1330,1835.0,4294965676,2020-09-02 14:49:04,2850225
1,1330,1835.0,4294965676,2020-09-02 14:49:05,2850225
1,1330,1835.0,4294965676,2020-09-02 14:49:05,2850225
1,1330,1835.25,4294965701,2020-09-02 14:49:06,2850294
1,1330,1835.15,4294965691,2020-09-02 14:49:08,2850302
1,1330,1835.1,4294965686,2020-09-02 14:49:09,2850317
1,1330,1835.0,4294965676,2020-09-02 14:49:10,2850318
1,1330,1835.0,4294965676,2020-09-02 14:49:10,2850318
1,1330,1835.0,4294965676,2020-09-02 14:49:12,2850467
1,1330,1835.05,4294965681,2020-09-02 14:49:13,2850643
1,1330,1835.05,4294965681,2020-09-02 14:49:14,2852267
1,1330,1835.05,4294965681,2020-09-02 14:49:15,2852273
1,1330,1835.05,4294965681,2020-09-02 14:49:16,2852275
1,1330,1835.05,4294965681,2020-09-02 14:49:16,2852275
1,1330,1835.05,4294965681,2020-09-02 14:49:17,2852658
1,1330,1835.05,4294965681,2020-09-02 14:49:19,2852673
1,1330,1835.05,4294965681,2020-09-02 14:49:20,2852703
1,1330,1835.05,4294965681,2020-09-02 14:49:21,2852703
1,1330,1835.05,4294965681,2020-09-02 14:49:22,2852703
1,1330,1835.05,4294965681,2020-09-02 14:49:23,2853916
1,1330,1835.05,4294965681,2020-09-02 14:49:23,2852719
1,1330,1835.15,4294965691,2020-09-02 14:49:24,2855514
1,1330,1835.05,4294965681,2020-09-02 14:49:26,2855637
1,1330,1835.05,4294965681,2020-09-02 14:49:27,2855836
1,1330,1835.05,4294965681,2020-09-02 14:49:27,2855836
1,1330,1835.0,4294965676,2020-09-02 14:49:29,2855838
1,1330,1835.0,4294965676,2020-09-02 14:49:30,2855930
1,1330,1835.0,4294965676,2020-09-02 14:49:30,2855930
1,1330,1835.05,4294965681,2020-09-02 14:49:31,2856092
1,1330,1835.0,4294965676,2020-09-02 14:49:33,2856239
1,1330,1835.0,4294965676,2020-09-02 14:49:33,2856239
1,1330,1835.0,4294965676,2020-09-02 14:49:34,2856239
1,1330,1835.0,4294965676,2020-09-02 14:49:36,2856246
1,1330,1835.0,4294965676,2020-09-02 14:49:37,2856297
1,1330,1835.0,4294965676,2020-09-02 14:49:37,2856297
1,1330,1835.1,4294965686,2020-09-02 14:49:39,2856649
1,1330,1835.1,4294965686,2020-09-02 14:49:40,2856954
1,1330,1835.1,4294965686,2020-09-02 14:49:40,2856954
1,1330,1835.15,4294965691,2020-09-02 14:49:42,2857254
1,1330,1835.15,4294965691,2020-09-02 14:49:43,2857292
1,1330,1835.15,4294965691,2020-09-02 14:49:44,2857292
1,1330,1835.15,4294965691,2020-09-02 14:49:44,2857292
1,1330,1835.15,4294965691,2020-09-02 14:49:46,2857292
1,1330,1835.1,4294965686,2020-09-02 14:49:46,2857308
1,1330,1835.1,4294965686,2020-09-02 14:49:47,2857815
1,1330,1835.35,4294965711,2020-09-02 14:49:48,2858061
1,1330,1835.1,4294965686,2020-09-02 14:49:50,2858086
1,1330,1835.1,4294965686,2020-09-02 14:49:50,2858086
1,1330,1835.05,4294965681,2020-09-02 14:49:51,2858124
1,1330,1835.1,4294965686,2020-09-02 14:49:53,2858256
1,1330,1835.1,4294965686,2020-09-02 14:49:54,2858406
1,1330,1835.25,4294965701,2020-09-02 14:49:55,2858492
1,1330,1835.4,4294965716,2020-09-02 14:49:56,2858646
1,1330,1835.25,4294965701,2020-09-02 14:49:57,2858726
1,1330,1835.25,4294965701,2020-09-02 14:49:57,2858726
1,1330,1835.25,4294965701,2020-09-02 14:49:58,2858726
1,1330,1835.25,4294965701,2020-09-02 14:50:00,2858921
1,1330,1835.25,4294965701,2020-09-02 14:50:00,2859021
1,1330,1835.25,4294965701,2020-09-02 14:50:01,2859021
1,1330,1835.25,4294965701,2020-09-02 14:50:02,2859336
1,1330,1835.15,4294965691,2020-09-02 14:50:04,2859592
1,1330,1835.0,4294965676,2020-09-02 14:50:05,2867509
1,1330,1835.0,4294965676,2020-09-02 14:50:06,2867516
1,1330,1835.0,4294965676,2020-09-02 14:50:07,2869300
1,1330,1835.0,4294965676,2020-09-02 14:50:07,2869300
1,1330,1835.1,4294965686,2020-09-02 14:50:08,2869373
1,1330,1835.1,4294965686,2020-09-02 14:50:10,2869373
1,1330,1835.1,4294965686,2020-09-02 14:50:11,2869373
1,1330,1835.0,4294965676,2020-09-02 14:50:12,2872892
1,1330,1835.0,4294965676,2020-09-02 14:50:12,2872892
1,1330,1835.0,4294965676,2020-09-02 14:50:13,2873430
1,1330,1835.0,4294965676,2020-09-02 14:50:14,2885273
1,1330,1835.0,4294965676,2020-09-02 14:50:15,2885423
1,1330,1835.0,4294965676,2020-09-02 14:50:17,2887288
1,1330,1835.0,4294965676,2020-09-02 14:50:18,2887468
1,1330,1835.0,4294965676,2020-09-02 14:50:19,2887907
1,1330,1835.0,4294965676,2020-09-02 14:50:19,2888007
1,1330,1835.05,4294965681,2020-09-02 14:50:20,2888646
1,1330,1835.05,4294965681,2020-09-02 14:50:21,2888646
1,1330,1835.0,4294965676,2020-09-02 14:50:23,2888846
1,1330,1835.0,4294965676,2020-09-02 14:50:24,2888846
1,1330,1835.05,4294965681,2020-09-02 14:50:25,2889108
1,1330,1835.0,4294965676,2020-09-02 14:50:25,2889112
1,1330,1835.05,4294965681,2020-09-02 14:50:27,2889139
1,1330,1835.0,4294965676,2020-09-02 14:50:28,2889441
1,1330,1835.0,4294965676,2020-09-02 14:50:29,2889590
1,1330,1835.0,4294965676,2020-09-02 14:50:29,2889590
1,1330,1835.05,4294965681,2020-09-02 14:50:31,2889611
1,1330,1835.05,4294965681,2020-09-02 14:50:32,2889672
1,1330,1835.0,4294965676,2020-09-02 14:50:33,2889699
1,1330,1835.0,4294965676,2020-09-02 14:50:33,2889682
1,1330,1835.05,4294965681,2020-09-02 14:50:34,2889840
1,1330,1835.05,4294965681,2020-09-02 14:50:36,2889840
1,1330,1835.05,4294965681,2020-09-02 14:50:37,2889941
1,1330,1835.0,4294965676,2020-09-02 14:50:38,2890041
1,1330,1835.0,4294965676,2020-09-02 14:50:38,2890041
1,1330,1835.05,4294965681,2020-09-02 14:50:39,2890222
1,1330,1835.0,4294965676,2020-09-02 14:50:41,2890243
1,1330,1835.0,4294965676,2020-09-02 14:50:42,2890243
1,1330,1835.0,4294965676,2020-09-02 14:50:42,2890243
1,1330,1835.0,4294965676,2020-09-02 14:50:43,2890638
1,1330,1835.05,4294965681,2020-09-02 14:50:44,2890791
1,1330,1835.55,4294965731,2020-09-02 14:50:46,2896448
1,1330,1835.55,4294965731,2020-09-02 14:50:47,2896448
1,1330,1835.55,4294965731,2020-09-02 14:50:47,2896448
1,1330,1836.55,4294965831,2020-09-02 14:50:48,2896587
1,1330,1836.55,4294965831,2020-09-02 14:50:49,2896587
1,1330,1836.55,4294965831,2020-09-02 14:50:50,2896589
1,1330,1836.55,4294965831,2020-09-02 14:50:52,2896644
1,1330,1835.75,4294965751,2020-09-02 14:50:53,2896744
1,1330,1835.75,4294965751,2020-09-02 14:50:53,2896772
1,1330,1836.5,4294965826,2020-09-02 14:50:54,2897050
1,1330,1836.5,4294965826,2020-09-02 14:50:56,2897050
1,1330,1836.5,4294965826,2020-09-02 14:50:57,2897050
1,1330,1836.0,4294965776,2020-09-02 14:50:58,2897100
1,1330,1836.0,4294965776,2020-09-02 14:50:58,2897126
1,1330,1836.05,4294965781,2020-09-02 14:50:59,2897546
1,1330,1836.5,4294965826,2020-09-02 14:51:00,2897677
1,1330,1836.9,4294965866,2020-09-02 14:51:02,2897770
1,1330,1836.15,4294965791,2020-09-02 14:51:03,2897805
1,1330,1836.15,4294965791,2020-09-02 14:51:04,2897805
1,1330,1836.15,4294965791,2020-09-02 14:51:04,2897805
1,1330,1836.15,4294965791,2020-09-02 14:51:05,2897879
1,1330,1837.1,4294965886,2020-09-02 14:51:07,2898517
1,1330,1837.05,4294965881,2020-09-02 14:51:08,2898523
1,1330,1837.05,4294965881,2020-09-02 14:51:08,2898523
1,1330,1837.0,4294965876,2020-09-02 14:51:10,2898543
1,1330,1837.0,4294965876,2020-09-02 14:51:11,2898543
1,1330,1836.2,4294965796,2020-09-02 14:51:12,2898593
1,1330,1836.2,4294965796,2020-09-02 14:51:12,2898593
1,1330,1837.0,4294965876,2020-09-02 14:51:14,2898801
1,1330,1837.05,4294965881,2020-09-02 14:51:15,2898851
1,1330,1836.95,4294965871,2020-09-02 14:51:16,2898871
1,1330,1836.95,4294965871,2020-09-02 14:51:17,2898871
1,1330,1836.95,4294965871,2020-09-02 14:51:17,2898871
1,1330,1836.2,4294965796,2020-09-02 14:51:18,2898872
1,1330,1836.85,4294965861,2020-09-02 14:51:19,2898882
1,1330,1836.85,4294965861,2020-09-02 14:51:21,2899061
1,1330,1836.95,4294965871,2020-09-02 14:51:22,2899162
1,1330,1836.95,4294965871,2020-09-02 14:51:23,2899291
1,1330,1836.95,4294965871,2020-09-02 14:51:24,2899525
1,1330,1836.95,4294965871,2020-09-02 14:51:24,2899525
1,1330,1836.95,4294965871,2020-09-02 14:51:26,2899525
1,1330,1836.95,4294965871,2020-09-02 14:51:27,2899625
1,1330,1836.95,4294965871,2020-09-02 14:51:28,2899725
1,1330,1836.95,4294965871,2020-09-02 14:51:29,2899993
1,1330,1836.95,4294965871,2020-09-02 14:51:29,2899993
1,1330,1836.95,4294965871,2020-09-02 14:51:30,2899993
1,1330,1836.95,4294965871,2020-09-02 14:51:32,2900165
1,1330,1836.5,4294965826,2020-09-02 14:51:33,2900172
1,1330,1836.7,4294965846,2020-09-02 14:51:34,2900226
1,1330,1836.7,4294965846,2020-09-02 14:51:35,2900226
1,1330,1836.7,4294965846,2020-09-02 14:51:35,2900226
1,1330,1836.7,4294965846,2020-09-02 14:51:36,2900226
1,1330,1836.7,4294965846,2020-09-02 14:51:38,2900226
1,1330,1836.6,4294965836,2020-09-02 14:51:39,2900408
1,1330,1836.6,4294965836,2020-09-02 14:51:39,2900408
1,1330,1836.65,4294965841,2020-09-02 14:51:41,2900826
1,1330,1836.65,4294965841,2020-09-02 14:51:42,2900826
1,1330,1836.65,4294965841,2020-09-02 14:51:42,2900826
1,1330,1836.5,4294965826,2020-09-02 14:51:43,2900880
1,1330,1836.65,4294965841,2020-09-02 14:51:44,2901180
1,1330,1836.7,4294965846,2020-09-02 14:51:46,2902220
1,1330,1836.65,4294965841,2020-09-02 14:51:47,2902390
1,1330,1836.65,4294965841,2020-09-02 14:51:47,2902390
1,1330,1837.45,4294965921,2020-09-02 14:51:49,2902525
1,1330,1837.65,4294965941,2020-09-02 14:51:50,2902665
1,1330,1837.65,4294965941,2020-09-02 14:51:51,2902665
1,1330,1837.45,4294965921,2020-09-02 14:51:52,2903416
1,1330,1837.0,4294965876,2020-09-02 14:51:52,2903689
1,1330,1837.0,4294965876,2020-09-02 14:51:54,2903689
1,1330,1837.0,4294965876,2020-09-02 14:51:55,2903699
1,1330,1837.0,4294965876,2020-09-02 14:51:55,2903699
1,1330,1837.35,4294965911,2020-09-02 14:51:57,2903827
1,1330,1837.4,4294965916,2020-09-02 14:51:58,2904027
1,1330,1837.4,4294965916,2020-09-02 14:51:59,2904027
1,1330,1837.4,4294965916,2020-09-02 14:51:59,2904277
1,1330,1837.4,4294965916,2020-09-02 14:52:01,2904277
1,1330,1837.15,4294965891,2020-09-02 14:52:02,2904337
1,1330,1837.15,4294965891,2020-09-02 14:52:02,2904337
1,1330,1837.4,4294965916,2020-09-02 14:52:04,2904519
1,1330,1837.4,4294965916,2020-09-02 14:52:05,2904745
1,1330,1837.4,4294965916,2020-09-02 14:52:05,2904745
1,1330,1837.4,4294965916,2020-09-02 14:52:06,2904971
1,1330,1837.4,4294965916,2020-09-02 14:52:08,2904974
1,1330,1837.4,4294965916,2020-09-02 14:52:09,2904974
1,1330,1837.4,4294965916,2020-09-02 14:52:10,2905174
1,1330,1837.4,4294965916,2020-09-02 14:52:11,2905179
1,1330,1837.4,4294965916,2020-09-02 14:52:12,2905528
1,1330,1837.4,4294965916,2020-09-02 14:52:12,2905528
1,1330,1837.4,4294965916,2020-09-02 14:52:13,2905713
1,1330,1837.4,4294965916,2020-09-02 14:52:14,2905713
1,1330,1837.4,4294965916,2020-09-02 14:52:15,2905847
1,1330,1837.45,4294965921,2020-09-02 14:52:16,2906183
1,1330,1837.45,4294965921,2020-09-02 14:52:18,2906250
1,1330,1837.45,4294965921,2020-09-02 14:52:19,2906253
1,1330,1837.45,4294965921,2020-09-02 14:52:20,2906253
1,1330,1838.0,4294965976,2020-09-02 14:52:21,2906830
1,1330,1838.0,4294965976,2020-09-02 14:52:21,2906830
1,1330,1838.55,4294966031,2020-09-02 14:52:22,2906872
1,1330,1839.05,4294966081,2020-09-02 14:52:24,2907053
1,1330,1839.0,4294966076,2020-09-02 14:52:25,2907193
1,1330,1839.0,4294966076,2020-09-02 14:52:25,2907193
1,1330,1838.7,4294966046,2020-09-02 14:52:27,2907207
1,1330,1838.3,4294966006,2020-09-02 14:52:27,2908439
1,1330,1838.75,4294966051,2020-09-02 14:52:28,2909440
1,1330,1838.7,4294966046,2020-09-02 14:52:30,2909450
1,1330,1838.0,4294965976,2020-09-02 14:52:31,2909510
1,1330,1838.0,4294965976,2020-09-02 14:52:32,2909510
1,1330,1838.0,4294965976,2020-09-02 14:52:32,2909510
1,1330,1838.0,4294965976,2020-09-02 14:52:34,2909555
1,1330,1838.0,4294965976,2020-09-02 14:52:35,2909556
1,1330,1838.0,4294965976,2020-09-02 14:52:36,2909639
1,1330,1838.0,4294965976,2020-09-02 14:52:37,2910240
1,1330,1838.0,4294965976,2020-09-02 14:52:37,2910240
1,1330,1838.0,4294965976,2020-09-02 14:52:38,2910270
1,1330,1837.95,4294965971,2020-09-02 14:52:39,2910280
1,1330,1838.0,4294965976,2020-09-02 14:52:40,2910500
1,1330,1837.95,4294965971,2020-09-02 14:52:42,2910506
1,1330,1837.95,4294965971,2020-09-02 14:52:43,2910506
1,1330,1837.6,4294965936,2020-09-02 14:52:44,2910559
1,1330,1837.6,4294965936,2020-09-02 14:52:45,2910559
1,1330,1837.6,4294965936,2020-09-02 14:52:46,2910559
1,1330,1837.45,4294965921,2020-09-02 14:52:47,2910989
1,1330,1837.45,4294965921,2020-09-02 14:52:48,2910989
1,1330,1837.45,4294965921,2020-09-02 14:52:49,2910989
1,1330,1837.45,4294965921,2020-09-02 14:52:50,2910989
1,1330,1837.4,4294965916,2020-09-02 14:52:51,2911113
1,1330,1837.4,4294965916,2020-09-02 14:52:52,2911113
1,1330,1837.4,4294965916,2020-09-02 14:52:52,2911169
1,1330,1837.5,4294965926,2020-09-02 14:52:53,2911179
1,1330,1837.5,4294965926,2020-09-02 14:52:55,2911179
1,1330,1837.5,4294965926,2020-09-02 14:52:56,2911179
1,1330,1836.8,4294965856,2020-09-02 14:52:56,2912229
1,1330,1836.75,4294965851,2020-09-02 14:52:57,2912577
1,1330,1836.7,4294965846,2020-09-02 14:52:59,2912629
1,1330,1836.7,4294965846,2020-09-02 14:53:00,2912637
1,1330,1836.7,4294965846,2020-09-02 14:53:00,2912637
1,1330,1836.7,4294965846,2020-09-02 14:53:01,2912637
1,1330,1836.7,4294965846,2020-09-02 14:53:03,2912746
1,1330,1836.7,4294965846,2020-09-02 14:53:04,2912796
1,1330,1836.7,4294965846,2020-09-02 14:53:05,2912798
1,1330,1836.75,4294965851,2020-09-02 14:53:06,2912799
1,1330,1836.75,4294965851,2020-09-02 14:53:07,2912799
1,1330,1836.75,4294965851,2020-09-02 14:53:08,2912803
1,1330,1836.75,4294965851,2020-09-02 14:53:09,2912819
1,1330,1836.0,4294965776,2020-09-02 14:53:10,2913784
1,1330,1836.45,4294965821,2020-09-02 14:53:10,2913786
1,1330,1836.45,4294965821,2020-09-02 14:53:12,2913986
1,1330,1836.45,4294965821,2020-09-02 14:53:13,2913986
1,1330,1836.15,4294965791,2020-09-02 14:53:14,2914041
1,1330,1836.45,4294965821,2020-09-02 14:53:14,2914047
1,1330,1836.3,4294965806,2020-09-02 14:53:15,2914359
1,1330,1836.15,4294965791,2020-09-02 14:53:17,2914642
1,1330,1836.05,4294965781,2020-09-02 14:53:18,2914725
1,1330,1836.05,4294965781,2020-09-02 14:53:18,2914730
1,1330,1836.05,4294965781,2020-09-02 14:53:20,2914814
1,1330,1836.1,4294965786,2020-09-02 14:53:21,2915651
1,1330,1836.05,4294965781,2020-09-02 14:53:22,2915751
1,1330,1836.05,4294965781,2020-09-02 14:53:22,2915751
1,1330,1836.1,4294965786,2020-09-02 14:53:23,2915767
1,1330,1836.1,4294965786,2020-09-02 14:53:25,2916681
1,1330,1836.05,4294965781,2020-09-02 14:53:26,2916682
1,1330,1836.1,4294965786,2020-09-02 14:53:27,2919400
1,1330,1836.55,4294965831,2020-09-02 14:53:28,2920151
1,1330,1836.55,4294965831,2020-09-02 14:53:29,2920157
1,1330,1836.55,4294965831,2020-09-02 14:53:30,2920166
1,1330,1836.55,4294965831,2020-09-02 14:53:31,2920166
1,1330,1836.55,4294965831,2020-09-02 14:53:32,2920166
1,1330,1836.5,4294965826,2020-09-02 14:53:33,2920288
1,1330,1836.5,4294965826,2020-09-02 14:53:34,2920288
1,1330,1836.55,4294965831,2020-09-02 14:53:35,2920405
1,1330,1836.55,4294965831,2020-09-02 14:53:36,2920405
1,1330,1836.55,4294965831,2020-09-02 14:53:36,2920405
1,1330,1837.25,4294965901,2020-09-02 14:53:37,2920488
1,1330,1837.25,4294965901,2020-09-02 14:53:39,2920638
1,1330,1838.0,4294965976,2020-09-02 14:53:40,2920648
1,1330,1838.0,4294965976,2020-09-02 14:53:41,2920648
1,1330,1838.0,4294965976,2020-09-02 14:53:41,2920648
1,1330,1837.25,4294965901,2020-09-02 14:53:43,2920650
1,1330,1837.25,4294965901,2020-09-02 14:53:44,2920650
1,1330,1838.0,4294965976,2020-09-02 14:53:45,2920967
1,1330,1838.0,4294965976,2020-09-02 14:53:45,2920967
1,1330,1838.0,4294965976,2020-09-02 14:53:46,2920967
1,1330,1838.0,4294965976,2020-09-02 14:53:47,2920967
1,1330,1838.0,4294965976,2020-09-02 14:53:49,2920967
1,1330,1837.95,4294965971,2020-09-02 14:53:50,2920977
1,1330,1837.95,4294965971,2020-09-02 14:53:51,2920977
1,1330,1837.95,4294965971,2020-09-02 14:53:52,2921106
1,1330,1837.95,4294965971,2020-09-02 14:53:53,2921121
1,1330,1837.95,4294965971,2020-09-02 14:53:53,2921121
1,1330,1837.95,4294965971,2020-09-02 14:53:55,2921271
1,1330,1837.95,4294965971,2020-09-02 14:53:56,2921369
1,1330,1837.35,4294965911,2020-09-02 14:53:57,2921421
1,1330,1837.95,4294965971,2020-09-02 14:53:58,2921448
1,1330,1837.95,4294965971,2020-09-02 14:53:58,2921448
1,1330,1837.95,4294965971,2020-09-02 14:54:00,2921451
1,1330,1837.65,4294965941,2020-09-02 14:54:01,2921705
1,1330,1837.9,4294965966,2020-09-02 14:54:01,2921709
1,1330,1837.9,4294965966,2020-09-02 14:54:02,2921709
1,1330,1837.4,4294965916,2020-09-02 14:54:04,2921717
1,1330,1837.4,4294965916,2020-09-02 14:54:05,2921717
1,1330,1837.9,4294965966,2020-09-02 14:54:06,2921767
1,1330,1837.9,4294965966,2020-09-02 14:54:07,2922051
1,1330,1837.9,4294965966,2020-09-02 14:54:07,2922051
1,1330,1837.65,4294965941,2020-09-02 14:54:09,2922098
1,1330,1837.5,4294965926,2020-09-02 14:54:10,2922099
1,1330,1837.5,4294965926,2020-09-02 14:54:11,2922099
1,1330,1837.5,4294965926,2020-09-02 14:54:11,2922099
1,1330,1837.65,4294965941,2020-09-02 14:54:13,2922103
1,1330,1837.65,4294965941,2020-09-02 14:54:14,2922103
1,1330,1837.6,4294965936,2020-09-02 14:54:15,2922254
1,1330,1837.6,4294965936,2020-09-02 14:54:16,2923039
1,1330,1837.6,4294965936,2020-09-02 14:54:17,2923109
1,1330,1837.6,4294965936,2020-09-02 14:54:17,2923109
1,1330,1837.6,4294965936,2020-09-02 14:54:18,2923240
1,1330,1837.6,4294965936,2020-09-02 14:54:20,2923250
1,1330,1837.6,4294965936,2020-09-02 14:54:21,2923250
1,1330,1837.6,4294965936,2020-09-02 14:54:21,2923250
1,1330,1837.6,4294965936,2020-09-02 14:54:23,2923250
1,1330,1837.6,4294965936,2020-09-02 14:54:24,2923250
1,1330,1837.6,4294965936,2020-09-02 14:54:25,2923496
1,1330,1837.65,4294965941,2020-09-02 14:54:26,2924269
1,1330,1837.65,4294965941,2020-09-02 14:54:26,2924269
1,1330,1837.65,4294965941,2020-09-02 14:54:28,2925883
1,1330,1837.65,4294965941,2020-09-02 14:54:29,2925883
1,1330,1837.65,4294965941,2020-09-02 14:54:30,2925883
1,1330,1839.0,4294966076,2020-09-02 14:54:31,2926183
1,1330,1839.0,4294966076,2020-09-02 14:54:32,2926444
1,1330,1839.0,4294966076,2020-09-02 14:54:33,2926444
1,1330,1838.3,4294966006,2020-09-02 14:54:34,2926451
1,1330,1839.0,4294966076,2020-09-02 14:54:35,2926553
1,1330,1838.95,4294966071,2020-09-02 14:54:36,2927270
1,1330,1838.95,4294966071,2020-09-02 14:54:36,2927270
1,1330,1837.55,4294965931,2020-09-02 14:54:38,2929127
1,1330,1838.2,4294965996,2020-09-02 14:54:39,2929147
1,1330,1838.2,4294965996,2020-09-02 14:54:40,2929147
1,1330,1838.2,4294965996,2020-09-02 14:54:41,2929147
1,1330,1838.2,4294965996,2020-09-02 14:54:42,2929147
1,1330,1838.2,4294965996,2020-09-02 14:54:43,2929147
1,1330,1838.2,4294965996,2020-09-02 14:54:44,2929147
1,1330,1837.6,4294965936,2020-09-02 14:54:45,2929347
1,1330,1837.6,4294965936,2020-09-02 14:54:45,2929347
1,1330,1837.6,4294965936,2020-09-02 14:54:46,2929352
1,1330,1837.6,4294965936,2020-09-02 14:54:47,2929355
1,1330,1837.6,4294965936,2020-09-02 14:54:49,2929367
1,1330,1837.6,4294965936,2020-09-02 14:54:50,2929388
1,1330,1837.6,4294965936,2020-09-02 14:54:51,2929388
1,1330,1837.6,4294965936,2020-09-02 14:54:52,2929388
1,1330,1837.55,4294965931,2020-09-02 14:54:53,2930381
1,1330,1837.55,4294965931,2020-09-02 14:54:54,2930392
1,1330,1837.55,4294965931,2020-09-02 14:54:55,2930392
1,1330,1838.0,4294965976,2020-09-02 14:54:56,2930393
1,1330,1838.0,4294965976,2020-09-02 14:54:57,2930393
1,1330,1838.0,4294965976,2020-09-02 14:54:58,2930490
1,1330,1838.0,4294965976,2020-09-02 14:54:59,2930642
1,1330,1838.0,4294965976,2020-09-02 14:54:59,2930642
1,1330,1838.0,4294965976,2020-09-02 14:55:00,2930642
1,1330,1838.0,4294965976,2020-09-02 14:55:02,2930642
1,1330,1838.0,4294965976,2020-09-02 14:55:03,2930642
1,1330,1837.75,4294965951,2020-09-02 14:55:04,2930749
1,1330,1837.75,4294965951,2020-09-02 14:55:05,2930949
1,1330,1837.65,4294965941,2020-09-02 14:55:06,2931251
1,1330,1837.75,4294965951,2020-09-02 14:55:07,2931481
1,1330,1837.65,4294965941,2020-09-02 14:55:07,2932070
1,1330,1837.65,4294965941,2020-09-02 14:55:09,2932371
1,1330,1837.6,4294965936,2020-09-02 14:55:10,2932381
1,1330,1837.6,4294965936,2020-09-02 14:55:11,2932381
1,1330,1837.65,4294965941,2020-09-02 14:55:12,2932663
1,1330,1837.55,4294965931,2020-09-02 14:55:13,2932664
1,1330,1837.55,4294965931,2020-09-02 14:55:14,2932664
1,1330,1837.55,4294965931,2020-09-02 14:55:14,2932664
1,1330,1837.55,4294965931,2020-09-02 14:55:15,2932664
1,1330,1838.25,4294966001,2020-09-02 14:55:17,2935439
1,1330,1838.25,4294966001,2020-09-02 14:55:18,2935439
1,1330,1838.5,4294966026,2020-09-02 14:55:19,2935759
1,1330,1838.5,4294966026,2020-09-02 14:55:20,2935759
1,1330,1839.4,4294966116,2020-09-02 14:55:21,2935766
1,1330,1839.25,4294966101,2020-09-02 14:55:22,2935782
1,1330,1839.25,4294966101,2020-09-02 14:55:23,2935782
1,1330,1839.25,4294966101,2020-09-02 14:55:24,2935808
1,1330,1839.25,4294966101,2020-09-02 14:55:25,2935808
1,1330,1839.25,4294966101,2020-09-02 14:55:26,2935808
1,1330,1839.25,4294966101,2020-09-02 14:55:26,2935808
1,1330,1839.25,4294966101,2020-09-02 14:55:27,2935808
1,1330,1839.25,4294966101,2020-09-02 14:55:29,2935808
1,1330,1838.95,4294966071,2020-09-02 14:55:30,2936413
1,1330,1838.25,4294966001,2020-09-02 14:55:31,2936465
1,1330,1838.05,4294965981,2020-09-02 14:55:32,2936765
1,1330,1838.15,4294965991,2020-09-02 14:55:33,2936774
1,1330,1838.15,4294965991,2020-09-02 14:55:33,2936774
1,1330,1838.15,4294965991,2020-09-02 14:55:34,2936774
1,1330,1838.15,4294965991,2020-09-02 14:55:36,2936774
1,1330,1838.1,4294965986,2020-09-02 14:55:37,2936781
1,1330,1838.1,4294965986,2020-09-02 14:55:38,2936781
1,1330,1838.15,4294965991,2020-09-02 14:55:39,2936796
1,1330,1838.15,4294965991,2020-09-02 14:55:40,2936796
1,1330,1838.15,4294965991,2020-09-02 14:55:40,2936796
1,1330,1838.15,4294965991,2020-09-02 14:55:42,2936871
1,1330,1838.1,4294965986,2020-09-02 14:55:43,2937036
1,1330,1838.1,4294965986,2020-09-02 14:55:44,2937036
1,1330,1838.1,4294965986,2020-09-02 14:55:45,2937036
1,1330,1838.1,4294965986,2020-09-02 14:55:46,2937036
1,1330,1838.1,4294965986,2020-09-02 14:55:46,2937036
1,1330,1838.1,4294965986,2020-09-02 14:55:47,2937036
1,1330,1838.1,4294965986,2020-09-02 14:55:49,2937067
1,1330,1838.05,4294965981,2020-09-02 14:55:50,2937419
1,1330,1838.05,4294965981,2020-09-02 14:55:51,2937444
1,1330,1838.05,4294965981,2020-09-02 14:55:52,2937444
1,1330,1838.1,4294965986,2020-09-02 14:55:53,2937460
1,1330,1838.05,4294965981,2020-09-02 14:55:53,2937444
1,1330,1838.1,4294965986,2020-09-02 14:55:55,2937670
1,1330,1838.1,4294965986,2020-09-02 14:55:56,2937790
1,1330,1838.1,4294965986,2020-09-02 14:55:57,2938090
1,1330,1838.1,4294965986,2020-09-02 14:55:58,2938165
1,1330,1838.1,4294965986,2020-09-02 14:55:58,2938165
1,1330,1838.1,4294965986,2020-09-02 14:55:59,2938200
1,1330,1838.1,4294965986,2020-09-02 14:56:01,2938716
1,1330,1838.05,4294965981,2020-09-02 14:56:02,2938871
1,1330,1838.05,4294965981,2020-09-02 14:56:03,2938979
1,1330,1838.05,4294965981,2020-09-02 14:56:04,2938994
1,1330,1838.1,4294965986,2020-09-02 14:56:05,2939002
1,1330,1838.1,4294965986,2020-09-02 14:56:06,2939305
1,1330,1838.1,4294965986,2020-09-02 14:56:06,2939305
1,1330,1838.05,4294965981,2020-09-02 14:56:08,2939335
1,1330,1838.3,4294966006,2020-09-02 14:56:09,2942293
1,1330,1838.3,4294966006,2020-09-02 14:56:10,2942293
1,1330,1838.3,4294966006,2020-09-02 14:56:11,2942303
1,1330,1838.3,4294966006,2020-09-02 14:56:12,2942303
1,1330,1839.0,4294966076,2020-09-02 14:56:13,2942595
1,1330,1839.0,4294966076,2020-09-02 14:56:13,2942605
1,1330,1839.0,4294966076,2020-09-02 14:56:14,2942605
1,1330,1838.4,4294966016,2020-09-02 14:56:16,2942608
1,1330,1838.35,4294966011,2020-09-02 14:56:17,2942808
1,1330,1839.0,4294966076,2020-09-02 14:56:18,2942812
1,1330,1839.0,4294966076,2020-09-02 14:56:19,2943096
1,1330,1839.0,4294966076,2020-09-02 14:56:20,2943096
1,1330,1839.0,4294966076,2020-09-02 14:56:20,2943096
1,1330,1839.0,4294966076,2020-09-02 14:56:22,2943096
1,1330,1838.95,4294966071,2020-09-02 14:56:23,2943578
1,1330,1839.0,4294966076,2020-09-02 14:56:24,2943623
1,1330,1839.0,4294966076,2020-09-02 14:56:25,2943624
1,1330,1839.0,4294966076,2020-09-02 14:56:26,2944033
1,1330,1838.95,4294966071,2020-09-02 14:56:27,2944034
1,1330,1838.95,4294966071,2020-09-02 14:56:27,2944034
1,1330,1839.0,4294966076,2020-09-02 14:56:28,2944186
1,1330,1839.0,4294966076,2020-09-02 14:56:30,2944189
1,1330,1839.0,4294966076,2020-09-02 14:56:31,2945287
1,1330,1839.0,4294966076,2020-09-02 14:56:32,2945290
1,1330,1838.55,4294966031,2020-09-02 14:56:33,2945291
1,1330,1838.55,4294966031,2020-09-02 14:56:34,2945291
1,1330,1838.55,4294966031,2020-09-02 14:56:34,2945291
1,1330,1838.55,4294966031,2020-09-02 14:56:35,2945541
1,1330,1838.3,4294966006,2020-09-02 14:56:37,2945786
1,1330,1838.5,4294966026,2020-09-02 14:56:38,2945838
1,1330,1838.5,4294966026,2020-09-02 14:56:39,2945838
1,1330,1838.25,4294966001,2020-09-02 14:56:39,2946071
1,1330,1838.25,4294966001,2020-09-02 14:56:41,2946071
1,1330,1838.25,4294966001,2020-09-02 14:56:42,2946071
1,1330,1838.15,4294965991,2020-09-02 14:56:43,2946081
1,1330,1838.05,4294965981,2020-09-02 14:56:44,2946101
1,1330,1838.1,4294965986,2020-09-02 14:56:45,2946108
1,1330,1838.1,4294965986,2020-09-02 14:56:46,2946108
1,1330,1838.05,4294965981,2020-09-02 14:56:47,2946160
1,1330,1838.05,4294965981,2020-09-02 14:56:48,2948182
1,1330,1838.05,4294965981,2020-09-02 14:56:49,2948182
1,1330,1838.05,4294965981,2020-09-02 14:56:50,2948182
1,1330,1838.15,4294965991,2020-09-02 14:56:51,2948191
1,1330,1838.15,4294965991,2020-09-02 14:56:52,2948521
1,1330,1838.15,4294965991,2020-09-02 14:56:53,2948536
1,1330,1838.15,4294965991,2020-09-02 14:56:53,2948536
1,1330,1838.1,4294965986,2020-09-02 14:56:55,2948583
1,1330,1838.15,4294965991,2020-09-02 14:56:56,2948613
1,1330,1838.15,4294965991,2020-09-02 14:56:57,2948613
1,1330,1838.15,4294965991,2020-09-02 14:56:58,2948613
1,1330,1838.15,4294965991,2020-09-02 14:56:59,2949064
1,1330,1838.15,4294965991,2020-09-02 14:57:00,2949064
1,1330,1838.15,4294965991,2020-09-02 14:57:00,2949064
1,1330,1838.1,4294965986,2020-09-02 14:57:01,2949580
1,1330,1838.1,4294965986,2020-09-02 14:57:03,2949689
1,1330,1838.1,4294965986,2020-09-02 14:57:04,2949689
1,1330,1838.15,4294965991,2020-09-02 14:57:05,2949697
1,1330,1838.1,4294965986,2020-09-02 14:57:06,2949772
1,1330,1838.1,4294965986,2020-09-02 14:57:07,2949772
1,1330,1838.15,4294965991,2020-09-02 14:57:08,2949897
1,1330,1838.15,4294965991,2020-09-02 14:57:09,2949899
1,1330,1838.1,4294965986,2020-09-02 14:57:10,2949986
1,1330,1837.6,4294965936,2020-09-02 14:57:11,2950887
1,1330,1837.85,4294965961,2020-09-02 14:57:12,2951115
1,1330,1837.85,4294965961,2020-09-02 14:57:13,2951123
1,1330,1837.5,4294965926,2020-09-02 14:57:14,2951375
1,1330,1837.45,4294965921,2020-09-02 14:57:15,2951405
1,1330,1837.85,4294965961,2020-09-02 14:57:16,2951409
1,1330,1837.85,4294965961,2020-09-02 14:57:17,2951409
1,1330,1837.4,4294965916,2020-09-02 14:57:18,2951410
1,1330,1837.3,4294965906,2020-09-02 14:57:19,2951451
1,1330,1837.3,4294965906,2020-09-02 14:57:19,2951451
1,1330,1837.3,4294965906,2020-09-02 14:57:21,2951451
1,1330,1837.35,4294965911,2020-09-02 14:57:22,2951452
1,1330,1837.35,4294965911,2020-09-02 14:57:23,2951462
1,1330,1837.35,4294965911,2020-09-02 14:57:23,2951462
1,1330,1837.35,4294965911,2020-09-02 14:57:24,2951512
1,1330,1837.3,4294965906,2020-09-02 14:57:25,2951564
1,1330,1837.3,4294965906,2020-09-02 14:57:27,2951584
1,1330,1837.3,4294965906,2020-09-02 14:57:28,2951584
1,1330,1837.35,4294965911,2020-09-02 14:57:29,2951774
1,1330,1837.3,4294965906,2020-09-02 14:57:30,2951806
1,1330,1837.3,4294965906,2020-09-02 14:57:31,2951813
1,1330,1837.3,4294965906,2020-09-02 14:57:32,2951824
1,1330,1837.3,4294965906,2020-09-02 14:57:33,2951831
1,1330,1837.3,4294965906,2020-09-02 14:57:33,2951831
1,1330,1837.35,4294965911,2020-09-02 14:57:35,2952138
1,1330,1837.3,4294965906,2020-09-02 14:57:36,2953036
1,1330,1837.3,4294965906,2020-09-02 14:57:37,2953036
1,1330,1837.25,4294965901,2020-09-02 14:57:37,2953072
1,1330,1837.25,4294965901,2020-09-02 14:57:39,2953072
1,1330,1837.25,4294965901,2020-09-02 14:57:40,2953108
1,1330,1837.3,4294965906,2020-09-02 14:57:41,2953170
1,1330,1837.3,4294965906,2020-09-02 14:57:42,2953170
1,1330,1837.3,4294965906,2020-09-02 14:57:42,2953170
1,1330,1836.5,4294965826,2020-09-02 14:57:44,2954568
1,1330,1836.5,4294965826,2020-09-02 14:57:45,2954622
1,1330,1836.5,4294965826,2020-09-02 14:57:45,2954622
1,1330,1836.5,4294965826,2020-09-02 14:57:47,2954628
1,1330,1836.5,4294965826,2020-09-02 14:57:48,2954658
1,1330,1836.25,4294965801,2020-09-02 14:57:49,2956441
1,1330,1836.25,4294965801,2020-09-02 14:57:50,2956441
1,1330,1836.25,4294965801,2020-09-02 14:57:51,2956543
1,1330,1836.2,4294965796,2020-09-02 14:57:52,2956544
1,1330,1836.15,4294965791,2020-09-02 14:57:53,2956545
1,1330,1836.1,4294965786,2020-09-02 14:57:54,2956571
1,1330,1836.05,4294965781,2020-09-02 14:57:54,2956601
1,1330,1836.1,4294965786,2020-09-02 14:57:55,2956631
1,1330,1836.1,4294965786,2020-09-02 14:57:57,2956646
1,1330,1836.1,4294965786,2020-09-02 14:57:58,2956646
1,1330,1836.1,4294965786,2020-09-02 14:57:59,2956646
1,1330,1836.1,4294965786,2020-09-02 14:57:59,2956646
1,1330,1836.0,4294965776,2020-09-02 14:58:00,2956896
1,1330,1836.05,4294965781,2020-09-02 14:58:02,2956906
1,1330,1836.0,4294965776,2020-09-02 14:58:03,2957425
1,1330,1836.05,4294965781,2020-09-02 14:58:04,2957427
1,1330,1836.05,4294965781,2020-09-02 14:58:04,2957427
1,1330,1836.05,4294965781,2020-09-02 14:58:06,2957427
1,1330,1836.05,4294965781,2020-09-02 14:58:07,2957927
1,1330,1836.05,4294965781,2020-09-02 14:58:08,2957927
1,1330,1836.05,4294965781,2020-09-02 14:58:09,2958242
1,1330,1836.05,4294965781,2020-09-02 14:58:10,2958867
1,1330,1836.05,4294965781,2020-09-02 14:58:11,2958874
1,1330,1836.1,4294965786,2020-09-02 14:58:12,2963674
1,1330,1836.1,4294965786,2020-09-02 14:58:13,2963674
1,1330,1836.1,4294965786,2020-09-02 14:58:14,2963674
1,1330,1836.1,4294965786,2020-09-02 14:58:15,2963674
1,1330,1836.25,4294965801,2020-09-02 14:58:16,2963873
1,1330,1836.25,4294965801,2020-09-02 14:58:17,2964645
1,1330,1836.35,4294965811,2020-09-02 14:58:18,2964648
1,1330,1836.3,4294965806,2020-09-02 14:58:18,2964647
1,1330,1837.75,4294965951,2020-09-02 14:58:20,2964781
1,1330,1837.75,4294965951,2020-09-02 14:58:21,2964781
1,1330,1836.45,4294965821,2020-09-02 14:58:22,2964833
1,1330,1837.0,4294965876,2020-09-02 14:58:23,2964857
1,1330,1837.0,4294965876,2020-09-02 14:58:24,2964891
1,1330,1837.0,4294965876,2020-09-02 14:58:24,2964891
1,1330,1837.0,4294965876,2020-09-02 14:58:25,2964891
1,1330,1837.0,4294965876,2020-09-02 14:58:26,2964891
1,1330,1837.25,4294965901,2020-09-02 14:58:28,2965850
1,1330,1836.9,4294965866,2020-09-02 14:58:29,2966080
1,1330,1837.95,4294965971,2020-09-02 14:58:29,2965880
1,1330,1836.9,4294965866,2020-09-02 14:58:31,2966081
1,1330,1836.9,4294965866,2020-09-02 14:58:32,2966081
1,1330,1837.0,4294965876,2020-09-02 14:58:33,2966512
1,1330,1837.0,4294965876,2020-09-02 14:58:34,2966521
1,1330,1837.0,4294965876,2020-09-02 14:58:35,2966546
1,1330,1836.95,4294965871,2020-09-02 14:58:36,2966554
1,1330,1836.95,4294965871,2020-09-02 14:58:37,2966575
1,1330,1837.0,4294965876,2020-09-02 14:58:38,2966580
1,1330,1837.0,4294965876,2020-09-02 14:58:38,2966703
1,1330,1837.0,4294965876,2020-09-02 14:58:40,2966810
1,1330,1836.95,4294965871,2020-09-02 14:58:41,2966862
1,1330,1836.55,4294965831,2020-09-02 14:58:42,2967767
1,1330,1836.9,4294965866,2020-09-02 14:58:43,2967770
1,1330,1836.9,4294965866,2020-09-02 14:58:44,2968045
1,1330,1836.9,4294965866,2020-09-02 14:58:44,2968045
1,1330,1836.9,4294965866,2020-09-02 14:58:45,2968046
1,1330,1836.9,4294965866,2020-09-02 14:58:47,2968046
1,1330,1836.9,4294965866,2020-09-02 14:58:48,2968710
1,1330,1836.5,4294965826,2020-09-02 14:58:49,2968997
1,1330,1836.5,4294965826,2020-09-02 14:58:50,2968997
1,1330,1836.5,4294965826,2020-09-02 14:58:50,2968997
1,1330,1836.5,4294965826,2020-09-02 14:58:52,2968997
1,1330,1836.25,4294965801,2020-09-02 14:58:53,2968999
1,1330,1836.2,4294965796,2020-09-02 14:58:54,2969287
1,1330,1836.2,4294965796,2020-09-02 14:58:55,2969315
1,1330,1836.2,4294965796,2020-09-02 14:58:56,2969315
1,1330,1836.2,4294965796,2020-09-02 14:58:56,2969315
1,1330,1836.2,4294965796,2020-09-02 14:58:57,2969316
1,1330,1835.8,4294965756,2020-09-02 14:58:59,2969520
1,1330,1835.75,4294965751,2020-09-02 14:59:00,2969550
1,1330,1835.6,4294965736,2020-09-02 14:59:01,2969608
1,1330,1835.6,4294965736,2020-09-02 14:59:02,2969608
1,1330,1835.5,4294965726,2020-09-02 14:59:03,2969665
1,1330,1835.5,4294965726,2020-09-02 14:59:03,2969665
1,1330,1835.5,4294965726,2020-09-02 14:59:04,2969668
1,1330,1835.7,4294965746,2020-09-02 14:59:05,2969678
1,1330,1835.7,4294965746,2020-09-02 14:59:07,2969678
1,1330,1835.7,4294965746,2020-09-02 14:59:08,2969678
1,1330,1835.7,4294965746,2020-09-02 14:59:09,2969678
1,1330,1835.55,4294965731,2020-09-02 14:59:10,2970412
1,1330,1835.55,4294965731,2020-09-02 14:59:11,2970612
1,1330,1835.5,4294965726,2020-09-02 14:59:12,2970617
1,1330,1835.5,4294965726,2020-09-02 14:59:13,2970617
1,1330,1835.5,4294965726,2020-09-02 14:59:13,2970739
1,1330,1835.55,4294965731,2020-09-02 14:59:15,2970790
1,1330,1835.55,4294965731,2020-09-02 14:59:16,2970790
1,1330,1835.5,4294965726,2020-09-02 14:59:17,2971230
1,1330,1835.5,4294965726,2020-09-02 14:59:18,2971230
1,1330,1835.5,4294965726,2020-09-02 14:59:19,2971499
1,1330,1835.5,4294965726,2020-09-02 14:59:19,2971499
1,1330,1835.5,4294965726,2020-09-02 14:59:21,2971573
1,1330,1835.5,4294965726,2020-09-02 14:59:22,2971579
1,1330,1835.5,4294965726,2020-09-02 14:59:22,2974097
1,1330,1835.55,4294965731,2020-09-02 14:59:24,2974232
1,1330,1835.55,4294965731,2020-09-02 14:59:25,2974249
1,1330,1835.55,4294965731,2020-09-02 14:59:26,2974350
1,1330,1835.55,4294965731,2020-09-02 14:59:27,2974350
1,1330,1835.55,4294965731,2020-09-02 14:59:28,2974350
1,1330,1835.5,4294965726,2020-09-02 14:59:29,2974440
1,1330,1835.5,4294965726,2020-09-02 14:59:30,2974448
1,1330,1835.5,4294965726,2020-09-02 14:59:31,2974792
1,1330,1835.55,4294965731,2020-09-02 14:59:32,2974804
1,1330,1835.5,4294965726,2020-09-02 14:59:33,2974811
1,1330,1835.55,4294965731,2020-09-02 14:59:34,2974838
1,1330,1835.55,4294965731,2020-09-02 14:59:35,2974868
1,1330,1835.55,4294965731,2020-09-02 14:59:35,2974868
1,1330,1835.55,4294965731,2020-09-02 14:59:37,2974870
1,1330,1835.55,4294965731,2020-09-02 14:59:38,2974870
1,1330,1835.55,4294965731,2020-09-02 14:59:39,2975074
1,1330,1835.55,4294965731,2020-09-02 14:59:40,2975074
1,1330,1835.5,4294965726,2020-09-02 14:59:41,2975223
1,1330,1835.5,4294965726,2020-09-02 14:59:42,2975233
1,1330,1835.5,4294965726,2020-09-02 14:59:43,2975233
1,1330,1835.5,4294965726,2020-09-02 14:59:44,2975250
1,1330,1835.5,4294965726,2020-09-02 14:59:45,2975250
1,1330,1835.45,4294965721,2020-09-02 14:59:46,2975275
1,1330,1835.45,4294965721,2020-09-02 14:59:46,2975275
1,1330,1835.45,4294965721,2020-09-02 14:59:47,2975325
1,1330,1835.5,4294965726,2020-09-02 14:59:49,2975737
1,1330,1835.45,4294965721,2020-09-02 14:59:50,2975748
1,1330,1835.45,4294965721,2020-09-02 14:59:51,2975892
1,1330,1835.45,4294965721,2020-09-02 14:59:53,2975892
1,1330,1835.45,4294965721,2020-09-02 14:59:52,2975892
1,1330,1835.5,4294965726,2020-09-02 14:59:54,2975932
1,1330,1835.5,4294965726,2020-09-02 14:59:55,2975932
1,1330,1835.5,4294965726,2020-09-02 14:59:56,2975982
1,1330,1835.5,4294965726,2020-09-02 14:59:56,2975983
1,1330,1835.45,4294965721,2020-09-02 14:59:58,2976035
1,1330,1835.4,4294965716,2020-09-02 14:59:59,2976755
1,1330,1835.45,4294965721,2020-09-02 15:00:00,2977633
1,1330,1835.5,4294965726,2020-09-02 15:00:01,2978119
1,1330,1835.5,4294965726,2020-09-02 15:00:02,2978427
1,1330,1835.45,4294965721,2020-09-02 15:00:02,2978423
1,1330,1835.35,4294965711,2020-09-02 15:00:04,2978440
1,1330,1835.35,4294965711,2020-09-02 15:00:05,2978998
1,1330,1835.35,4294965711,2020-09-02 15:00:06,2978998
1,1330,1835.3,4294965706,2020-09-02 15:00:07,2979001
1,1330,1835.3,4294965706,2020-09-02 15:00:08,2980001
1,1330,1835.35,4294965711,2020-09-02 15:00:09,2980002
1,1330,1835.3,4294965706,2020-09-02 15:00:10,2980032
1,1330,1835.3,4294965706,2020-09-02 15:00:11,2981037
1,1330,1835.3,4294965706,2020-09-02 15:00:12,2982141
1,1330,1835.25,4294965701,2020-09-02 15:00:13,2988647
1,1330,1835.3,4294965706,2020-09-02 15:00:14,2990792
1,1330,1835.0,4294965676,2020-09-02 15:00:14,2992738
1,1330,1835.0,4294965676,2020-09-02 15:00:16,2994590
1,1330,1835.0,4294965676,2020-09-02 15:00:17,2997479
1,1330,1835.0,4294965676,2020-09-02 15:00:18,3001750
1,1330,1835.0,4294965676,2020-09-02 15:00:19,3003019
1,1330,1835.1,4294965686,2020-09-02 15:00:20,3003436
1,1330,1835.1,4294965686,2020-09-02 15:00:20,3003459
1,1330,1835.0,4294965676,2020-09-02 15:00:21,3003469
1,1330,1835.0,4294965676,2020-09-02 15:00:23,3004627
1,1330,1835.05,4294965681,2020-09-02 15:00:24,3005337
1,1330,1835.05,4294965681,2020-09-02 15:00:25,3006084
1,1330,1835.0,4294965676,2020-09-02 15:00:26,3007952
1,1330,1835.05,4294965681,2020-09-02 15:00:27,3009852
1,1330,1835.05,4294965681,2020-09-02 15:00:28,3009852
1,1330,1835.05,4294965681,2020-09-02 15:00:28,3009852
1,1330,1835.0,4294965676,2020-09-02 15:00:30,3019079
1,1330,1835.0,4294965676,2020-09-02 15:00:31,3024704
1,1330,1834.95,4294965671,2020-09-02 15:00:32,3024748
1,1330,1834.95,4294965671,2020-09-02 15:00:33,3024817
1,1330,1835.0,4294965676,2020-09-02 15:00:34,3025420
1,1330,1834.95,4294965671,2020-09-02 15:00:35,3025472
1,1330,1835.0,4294965676,2020-09-02 15:00:35,3025505
1,1330,1835.0,4294965676,2020-09-02 15:00:37,3025524
1,1330,1835.0,4294965676,2020-09-02 15:00:38,3025524
1,1330,1834.95,4294965671,2020-09-02 15:00:39,3026104
1,1330,1834.95,4294965671,2020-09-02 15:00:40,3026207
1,1330,1834.95,4294965671,2020-09-02 15:00:40,3026207
1,1330,1835.0,4294965676,2020-09-02 15:00:41,3026209
1,1330,1834.95,4294965671,2020-09-02 15:00:42,3026401
1,1330,1835.0,4294965676,2020-09-02 15:00:43,3027619
1,1330,1834.95,4294965671,2020-09-02 15:00:45,3027794
1,1330,1834.95,4294965671,2020-09-02 15:00:46,3029031
1,1330,1834.95,4294965671,2020-09-02 15:00:47,3034122
1,1330,1834.95,4294965671,2020-09-02 15:00:48,3039313
1,1330,1834.85,4294965661,2020-09-02 15:00:49,3039747
1,1330,1833.75,4294965551,2020-09-02 15:00:50,3040722
1,1330,1833.75,4294965551,2020-09-02 15:00:51,3042246
1,1330,1833.75,4294965551,2020-09-02 15:00:52,3043220
1,1330,1833.75,4294965551,2020-09-02 15:00:52,3043220
1,1330,1833.65,4294965541,2020-09-02 15:00:53,3044027
1,1330,1832.5,4294965426,2020-09-02 15:00:54,3047167
1,1330,1832.45,4294965421,2020-09-02 15:00:55,3047624
1,1330,1832.5,4294965426,2020-09-02 15:00:57,3050070
1,1330,1832.5,4294965426,2020-09-02 15:00:58,3050431
1,1330,1832.25,4294965401,2020-09-02 15:00:59,3050478
1,1330,1832.2,4294965396,2020-09-02 15:01:00,3052143
1,1330,1832.25,4294965401,2020-09-02 15:01:01,3052320
1,1330,1832.2,4294965396,2020-09-02 15:01:02,3052324
1,1330,1832.15,4294965391,2020-09-02 15:01:03,3053350
1,1330,1832.15,4294965391,2020-09-02 15:01:03,3053518
1,1330,1832.1,4294965386,2020-09-02 15:01:04,3053686
1,1330,1832.15,4294965391,2020-09-02 15:01:06,3054138
1,1330,1832.15,4294965391,2020-09-02 15:01:07,3054635
1,1330,1832.15,4294965391,2020-09-02 15:01:08,3054635
1,1330,1831.5,4294965326,2020-09-02 15:01:09,3056736
1,1330,1831.8,4294965356,2020-09-02 15:01:10,3058693
1,1330,1831.85,4294965361,2020-09-02 15:01:11,3058743
1,1330,1831.8,4294965356,2020-09-02 15:01:12,3061528
1,1330,1831.8,4294965356,2020-09-02 15:01:12,3061528
1,1330,1831.8,4294965356,2020-09-02 15:01:14,3061679
1,1330,1831.8,4294965356,2020-09-02 15:01:15,3061929
1,1330,1831.75,4294965351,2020-09-02 15:01:16,3062063
1,1330,1831.8,4294965356,2020-09-02 15:01:17,3062662
1,1330,1831.8,4294965356,2020-09-02 15:01:18,3063328
1,1330,1832.6,4294965436,2020-09-02 15:01:19,3068580
1,1330,1832.6,4294965436,2020-09-02 15:01:19,3068580
1,1330,1832.95,4294965471,2020-09-02 15:01:21,3069410
1,1330,1833.95,4294965571,2020-09-02 15:01:22,3070410
1,1330,1833.95,4294965571,2020-09-02 15:01:23,3070410
1,1330,1833.95,4294965571,2020-09-02 15:01:24,3070410
1,1330,1833.95,4294965571,2020-09-02 15:01:24,3070410
1,1330,1833.05,4294965481,2020-09-02 15:01:26,3070449
1,1330,1833.05,4294965481,2020-09-02 15:01:27,3070453
1,1330,1833.5,4294965526,2020-09-02 15:01:28,3070604
1,1330,1833.45,4294965521,2020-09-02 15:01:29,3070675
1,1330,1833.45,4294965521,2020-09-02 15:01:30,3070675
1,1330,1833.4,4294965516,2020-09-02 15:01:31,3070846
1,1330,1833.4,4294965516,2020-09-02 15:01:32,3072007
1,1330,1833.2,4294965496,2020-09-02 15:01:33,3073427
1,1330,1833.2,4294965496,2020-09-02 15:01:33,3073427
1,1330,1833.35,4294965511,2020-09-02 15:01:35,3073562
1,1330,1833.4,4294965516,2020-09-02 15:01:36,3075177
1,1330,1833.25,4294965501,2020-09-02 15:01:37,3075455
1,1330,1833.25,4294965501,2020-09-02 15:01:38,3076068
1,1330,1833.25,4294965501,2020-09-02 15:01:39,3076068
1,1330,1833.25,4294965501,2020-09-02 15:01:40,3076068
1,1330,1833.25,4294965501,2020-09-02 15:01:41,3077059
1,1330,1833.2,4294965496,2020-09-02 15:01:42,3077404
1,1330,1833.1,4294965486,2020-09-02 15:01:43,3077424
1,1330,1833.1,4294965486,2020-09-02 15:01:43,3077428
1,1330,1833.1,4294965486,2020-09-02 15:01:45,3081601
1,1330,1832.95,4294965471,2020-09-02 15:01:46,3083185
1,1330,1832.85,4294965461,2020-09-02 15:01:47,3083655
1,1330,1832.8,4294965456,2020-09-02 15:01:48,3083743
1,1330,1832.55,4294965431,2020-09-02 15:01:49,3085444
1,1330,1832.2,4294965396,2020-09-02 15:01:49,3085504
1,1330,1832.1,4294965386,2020-09-02 15:01:51,3085561
1,1330,1832.1,4294965386,2020-09-02 15:01:52,3086326
1,1330,1831.65,4294965341,2020-09-02 15:01:53,3086716
1,1330,1831.8,4294965356,2020-09-02 15:01:53,3087476
1,1330,1831.75,4294965351,2020-09-02 15:01:54,3088009
1,1330,1831.7,4294965346,2020-09-02 15:01:56,3088246
1,1330,1831.65,4294965341,2020-09-02 15:01:57,3089134
1,1330,1831.7,4294965346,2020-09-02 15:01:58,3089398
1,1330,1831.7,4294965346,2020-09-02 15:01:59,3089398
1,1330,1831.65,4294965341,2020-09-02 15:02:00,3089399
1,1330,1831.65,4294965341,2020-09-02 15:02:01,3089901
1,1330,1831.65,4294965341,2020-09-02 15:02:01,3089905
1,1330,1831.6,4294965336,2020-09-02 15:02:03,3089935
1,1330,1831.6,4294965336,2020-09-02 15:02:04,3089963
1,1330,1831.65,4294965341,2020-09-02 15:02:05,3090063
1,1330,1831.65,4294965341,2020-09-02 15:02:06,3090366
1,1330,1831.65,4294965341,2020-09-02 15:02:06,3090366
1,1330,1831.6,4294965336,2020-09-02 15:02:08,3090711
1,1330,1831.55,4294965331,2020-09-02 15:02:09,3093184
1,1330,1831.45,4294965321,2020-09-02 15:02:10,3094958
1,1330,1831.45,4294965321,2020-09-02 15:02:10,3095090
1,1330,1831.35,4294965311,2020-09-02 15:02:11,3095396
1,1330,1831.35,4294965311,2020-09-02 15:02:12,3096795
1,1330,1831.3,4294965306,2020-09-02 15:02:13,3097331
1,1330,1831.1,4294965286,2020-09-02 15:02:14,3097773
1,1330,1831.1,4294965286,2020-09-02 15:02:15,3098112
1,1330,1831.05,4294965281,2020-09-02 15:02:17,3101402
1,1330,1830.1,4294965186,2020-09-02 15:02:18,3102542
1,1330,1830.0,4294965176,2020-09-02 15:02:19,3102872
1,1330,1830.1,4294965186,2020-09-02 15:02:20,3103396
1,1330,1830.0,4294965176,2020-09-02 15:02:21,3104050
1,1330,1830.0,4294965176,2020-09-02 15:02:21,3103988
1,1330,1830.0,4294965176,2020-09-02 15:02:22,3104416
1,1330,1830.05,4294965181,2020-09-02 15:02:23,3104431
1,1330,1830.05,4294965181,2020-09-02 15:02:25,3105426
1,1330,1830.05,4294965181,2020-09-02 15:02:26,3105430
1,1330,1830.0,4294965176,2020-09-02 15:02:27,3107123
1,1330,1830.0,4294965176,2020-09-02 15:02:28,3107728
1,1330,1829.25,4294965101,2020-09-02 15:02:29,3108912
1,1330,1829.3,4294965106,2020-09-02 15:02:30,3109543
1,1330,1829.65,4294965141,2020-09-02 15:02:31,3113562
1,1330,1829.5,4294965126,2020-09-02 15:02:33,3115588
1,1330,1829.5,4294965126,2020-09-02 15:02:32,3115534
1,1330,1829.6,4294965136,2020-09-02 15:02:34,3116423
1,1330,1829.5,4294965126,2020-09-02 15:02:35,3116965
1,1330,1829.5,4294965126,2020-09-02 15:02:36,3116965
1,1330,1829.5,4294965126,2020-09-02 15:02:37,3117133
1,1330,1829.4,4294965116,2020-09-02 15:02:38,3117138
1,1330,1829.4,4294965116,2020-09-02 15:02:39,3117156
1,1330,1829.4,4294965116,2020-09-02 15:02:40,3117156
1,1330,1829.45,4294965121,2020-09-02 15:02:41,3117751
1,1330,1829.4,4294965116,2020-09-02 15:02:42,3118279
1,1330,1829.4,4294965116,2020-09-02 15:02:43,3119173
1,1330,1829.4,4294965116,2020-09-02 15:02:44,3119941
1,1330,1829.4,4294965116,2020-09-02 15:02:45,3119957
1,1330,1829.3,4294965106,2020-09-02 15:02:46,3120057
1,1330,1829.4,4294965116,2020-09-02 15:02:47,3120447
1,1330,1829.3,4294965106,2020-09-02 15:02:48,3120517
1,1330,1829.3,4294965106,2020-09-02 15:02:49,3120518
1,1330,1829.3,4294965106,2020-09-02 15:02:50,3121949
1,1330,1829.35,4294965111,2020-09-02 15:02:51,3122480
1,1330,1829.3,4294965106,2020-09-02 15:02:52,3123937
1,1330,1829.3,4294965106,2020-09-02 15:02:53,3123937
1,1330,1829.0,4294965076,2020-09-02 15:02:54,3127712
1,1330,1829.0,4294965076,2020-09-02 15:02:55,3128287
1,1330,1828.9,4294965066,2020-09-02 15:02:56,3128415
1,1330,1828.9,4294965066,2020-09-02 15:02:57,3129967
1,1330,1828.75,4294965051,2020-09-02 15:02:58,3129986
1,1330,1828.7,4294965046,2020-09-02 15:02:59,3130653
1,1330,1828.7,4294965046,2020-09-02 15:03:00,3130653
1,1330,1828.7,4294965046,2020-09-02 15:03:01,3132446
1,1330,1828.65,4294965041,2020-09-02 15:03:02,3132746
1,1330,1828.7,4294965046,2020-09-02 15:03:03,3132893
1,1330,1828.7,4294965046,2020-09-02 15:03:04,3132997
1,1330,1828.7,4294965046,2020-09-02 15:03:05,3133001
1,1330,1828.65,4294965041,2020-09-02 15:03:06,3133439
1,1330,1828.65,4294965041,2020-09-02 15:03:07,3133501
1,1330,1828.65,4294965041,2020-09-02 15:03:08,3133633
1,1330,1828.7,4294965046,2020-09-02 15:03:09,3135096
1,1330,1828.7,4294965046,2020-09-02 15:03:10,3135139
1,1330,1828.7,4294965046,2020-09-02 15:03:11,3135508
1,1330,1828.55,4294965031,2020-09-02 15:03:12,3135887
1,1330,1828.6,4294965036,2020-09-02 15:03:13,3140144
1,1330,1828.55,4294965031,2020-09-02 15:03:14,3140463
1,1330,1828.35,4294965011,2020-09-02 15:03:15,3145055
1,1330,1828.35,4294965011,2020-09-02 15:03:16,3145077
1,1330,1828.25,4294965001,2020-09-02 15:03:17,3145113
1,1330,1828.35,4294965011,2020-09-02 15:03:18,3145123
1,1330,1828.25,4294965001,2020-09-02 15:03:19,3145183
1,1330,1828.7,4294965046,2020-09-02 15:03:20,3150129
1,1330,1828.25,4294965001,2020-09-02 15:03:21,3150165
1,1330,1828.25,4294965001,2020-09-02 15:03:22,3150166
1,1330,1828.2,4294964996,2020-09-02 15:03:23,3150312
1,1330,1828.0,4294964976,2020-09-02 15:03:24,3150657
1,1330,1827.8,4294964956,2020-09-02 15:03:25,3152602
1,1330,1828.0,4294964976,2020-09-02 15:03:26,3152665
1,1330,1827.65,4294964941,2020-09-02 15:03:27,3154495
1,1330,1827.9,4294964966,2020-09-02 15:03:28,3154728
1,1330,1827.65,4294964941,2020-09-02 15:03:29,3156598
1,1330,1827.65,4294964941,2020-09-02 15:03:30,3156957
1,1330,1827.2,4294964896,2020-09-02 15:03:31,3157843
1,1330,1827.65,4294964941,2020-09-02 15:03:32,3157853
1,1330,1827.2,4294964896,2020-09-02 15:03:33,3157886
1,1330,1827.6,4294964936,2020-09-02 15:03:34,3157907
1,1330,1828.75,4294965051,2020-09-02 15:03:35,3163218
1,1330,1828.95,4294965071,2020-09-02 15:03:36,3163225
1,1330,1830.0,4294965176,2020-09-02 15:03:37,3164225
1,1330,1829.45,4294965121,2020-09-02 15:03:38,3164280
1,1330,1830.15,4294965191,2020-09-02 15:03:39,3164491
1,1330,1830.2,4294965196,2020-09-02 15:03:40,3164538
1,1330,1830.25,4294965201,2020-09-02 15:03:41,3164598
1,1330,1830.15,4294965191,2020-09-02 15:03:42,3164599
1,1330,1830.25,4294965201,2020-09-02 15:03:43,3165223
1,1330,1830.2,4294965196,2020-09-02 15:03:44,3166508
1,1330,1830.8,4294965256,2020-09-02 15:03:45,3167768
1,1330,1830.4,4294965216,2020-09-02 15:03:46,3167915
1,1330,1830.45,4294965221,2020-09-02 15:03:47,3169363
1,1330,1830.4,4294965216,2020-09-02 15:03:48,3169535
1,1330,1830.8,4294965256,2020-09-02 15:03:49,3169894
1,1330,1830.8,4294965256,2020-09-02 15:03:50,3170132
1,1330,1830.8,4294965256,2020-09-02 15:03:51,3171137
1,1330,1830.8,4294965256,2020-09-02 15:03:52,3171137
1,1330,1830.5,4294965226,2020-09-02 15:03:53,3171292
1,1330,1830.5,4294965226,2020-09-02 15:03:54,3171324
1,1330,1830.7,4294965246,2020-09-02 15:03:55,3171553
1,1330,1830.55,4294965231,2020-09-02 15:03:56,3171573
1,1330,1830.65,4294965241,2020-09-02 15:03:57,3171776
1,1330,1830.65,4294965241,2020-09-02 15:03:58,3173288
1,1330,1830.65,4294965241,2020-09-02 15:03:59,3173498
1,1330,1830.65,4294965241,2020-09-02 15:04:00,3173498
1,1330,1830.55,4294965231,2020-09-02 15:04:01,3173647
1,1330,1830.7,4294965246,2020-09-02 15:04:02,3175747
1,1330,1830.65,4294965241,2020-09-02 15:04:03,3176173
1,1330,1830.5,4294965226,2020-09-02 15:04:04,3178005
1,1330,1830.35,4294965211,2020-09-02 15:04:05,3180480
1,1330,1829.45,4294965121,2020-09-02 15:04:06,3182780
1,1330,1828.3,4294965006,2020-09-02 15:04:07,3182916
1,1330,1828.45,4294965021,2020-09-02 15:04:08,3183413
1,1330,1828.4,4294965016,2020-09-02 15:04:09,3183745
1,1330,1828.2,4294964996,2020-09-02 15:04:10,3184074
1,1330,1828.3,4294965006,2020-09-02 15:04:12,3184085
1,1330,1828.3,4294965006,2020-09-02 15:04:11,3184085
1,1330,1828.35,4294965011,2020-09-02 15:04:13,3185162
1,1330,1828.3,4294965006,2020-09-02 15:04:14,3185199
1,1330,1828.2,4294964996,2020-09-02 15:04:15,3186158
1,1330,1828.35,4294965011,2020-09-02 15:04:16,3187859
1,1330,1828.3,4294965006,2020-09-02 15:04:17,3188122
1,1330,1828.25,4294965001,2020-09-02 15:04:18,3188181
1,1330,1828.25,4294965001,2020-09-02 15:04:19,3188257
1,1330,1828.3,4294965006,2020-09-02 15:04:20,3188305
1,1330,1828.45,4294965021,2020-09-02 15:04:21,3195509
1,1330,1829.75,4294965151,2020-09-02 15:04:22,3197026
1,1330,1829.75,4294965151,2020-09-02 15:04:23,3197026
1,1330,1829.0,4294965076,2020-09-02 15:04:24,3197134
1,1330,1828.7,4294965046,2020-09-02 15:04:25,3197151
1,1330,1828.95,4294965071,2020-09-02 15:04:26,3197158
1,1330,1828.95,4294965071,2020-09-02 15:04:27,3197667
1,1330,1828.9,4294965066,2020-09-02 15:04:28,3200089
1,1330,1828.7,4294965046,2020-09-02 15:04:29,3200090
1,1330,1828.9,4294965066,2020-09-02 15:04:30,3200148
1,1330,1828.85,4294965061,2020-09-02 15:04:31,3200297
1,1330,1828.7,4294965046,2020-09-02 15:04:32,3200816
1,1330,1828.6,4294965036,2020-09-02 15:04:33,3201009
1,1330,1828.6,4294965036,2020-09-02 15:04:34,3202398
1,1330,1828.55,4294965031,2020-09-02 15:04:35,3202545
1,1330,1828.5,4294965026,2020-09-02 15:04:36,3202718
1,1330,1828.5,4294965026,2020-09-02 15:04:37,3202718
1,1330,1828.55,4294965031,2020-09-02 15:04:38,3204083
1,1330,1828.55,4294965031,2020-09-02 15:04:39,3204108
1,1330,1828.5,4294965026,2020-09-02 15:04:40,3204523
1,1330,1828.55,4294965031,2020-09-02 15:04:41,3205647
1,1330,1828.55,4294965031,2020-09-02 15:04:42,3205705
1,1330,1828.55,4294965031,2020-09-02 15:04:43,3205838
1,1330,1828.55,4294965031,2020-09-02 15:04:45,3207622
1,1330,1828.55,4294965031,2020-09-02 15:04:44,3207622
1,1330,1828.6,4294965036,2020-09-02 15:04:46,3207997
1,1330,1828.55,4294965031,2020-09-02 15:04:47,3209324
1,1330,1828.85,4294965061,2020-09-02 15:04:48,3209956
1,1330,1829.95,4294965171,2020-09-02 15:04:49,3210619
1,1330,1829.15,4294965091,2020-09-02 15:04:50,3210624
1,1330,1829.35,4294965111,2020-09-02 15:04:51,3210636
1,1330,1829.95,4294965171,2020-09-02 15:04:52,3210660
1,1330,1829.85,4294965161,2020-09-02 15:04:53,3211258
1,1330,1829.5,4294965126,2020-09-02 15:04:54,3211350
1,1330,1829.5,4294965126,2020-09-02 15:04:56,3211576
1,1330,1829.5,4294965126,2020-09-02 15:04:55,3211350
1,1330,1829.35,4294965111,2020-09-02 15:04:57,3211627
1,1330,1829.4,4294965116,2020-09-02 15:04:58,3212026
1,1330,1829.4,4294965116,2020-09-02 15:04:59,3212489
1,1330,1829.4,4294965116,2020-09-02 15:05:00,3212489
1,1330,1829.35,4294965111,2020-09-02 15:05:01,3212895
1,1330,1829.4,4294965116,2020-09-02 15:05:02,3213312
1,1330,1829.35,4294965111,2020-09-02 15:05:03,3213320
1,1330,1829.4,4294965116,2020-09-02 15:05:05,3213844
1,1330,1829.4,4294965116,2020-09-02 15:05:04,3213335
1,1330,1829.35,4294965111,2020-09-02 15:05:06,3215754
1,1330,1829.35,4294965111,2020-09-02 15:05:07,3215797
1,1330,1829.35,4294965111,2020-09-02 15:05:08,3215815
1,1330,1829.35,4294965111,2020-09-02 15:05:09,3215815
1,1330,1829.35,4294965111,2020-09-02 15:05:11,3216053
1,1330,1829.35,4294965111,2020-09-02 15:05:10,3216053
1,1330,1829.35,4294965111,2020-09-02 15:05:12,3216310
1,1330,1829.3,4294965106,2020-09-02 15:05:13,3216755
1,1330,1829.3,4294965106,2020-09-02 15:05:14,3216978
1,1330,1829.3,4294965106,2020-09-02 15:05:15,3217100
1,1330,1829.3,4294965106,2020-09-02 15:05:16,3217100
1,1330,1829.35,4294965111,2020-09-02 15:05:17,3217101
1,1330,1829.35,4294965111,2020-09-02 15:05:18,3217101
1,1330,1829.35,4294965111,2020-09-02 15:05:19,3217973
1,1330,1829.3,4294965106,2020-09-02 15:05:20,3218080
1,1330,1829.2,4294965096,2020-09-02 15:05:21,3223076
1,1330,1829.2,4294965096,2020-09-02 15:05:22,3223086
1,1330,1829.2,4294965096,2020-09-02 15:05:23,3223086
1,1330,1829.25,4294965101,2020-09-02 15:05:24,3226672
1,1330,1829.15,4294965091,2020-09-02 15:05:25,3229613
1,1330,1829.15,4294965091,2020-09-02 15:05:26,3229623
1,1330,1829.2,4294965096,2020-09-02 15:05:27,3230630
1,1330,1829.15,4294965091,2020-09-02 15:05:28,3231772
1,1330,1829.0,4294965076,2020-09-02 15:05:29,3232848
1,1330,1828.95,4294965071,2020-09-02 15:05:30,3233103
1,1330,1828.5,4294965026,2020-09-02 15:05:31,3233480
1,1330,1828.5,4294965026,2020-09-02 15:05:32,3235324
1,1330,1828.4,4294965016,2020-09-02 15:05:33,3235481
1,1330,1828.6,4294965036,2020-09-02 15:05:34,3237211
1,1330,1828.55,4294965031,2020-09-02 15:05:35,3237802
1,1330,1828.55,4294965031,2020-09-02 15:05:36,3237987
1,1330,1828.6,4294965036,2020-09-02 15:05:37,3238694
1,1330,1828.6,4294965036,2020-09-02 15:05:38,3239438
1,1330,1828.6,4294965036,2020-09-02 15:05:39,3239438
1,1330,1828.6,4294965036,2020-09-02 15:05:40,3239534
1,1330,1828.55,4294965031,2020-09-02 15:05:41,3239671
1,1330,1828.6,4294965036,2020-09-02 15:05:42,3240571
1,1330,1828.55,4294965031,2020-09-02 15:05:43,3241182
1,1330,1828.55,4294965031,2020-09-02 15:05:44,3241813
1,1330,1828.55,4294965031,2020-09-02 15:05:45,3241876
1,1330,1828.55,4294965031,2020-09-02 15:05:46,3241876
1,1330,1828.6,4294965036,2020-09-02 15:05:47,3241877
1,1330,1828.6,4294965036,2020-09-02 15:05:48,3242315
1,1330,1828.6,4294965036,2020-09-02 15:05:49,3244623
1,1330,1828.9,4294965066,2020-09-02 15:05:50,3252625
1,1330,1828.9,4294965066,2020-09-02 15:05:51,3252625
1,1330,1829.95,4294965171,2020-09-02 15:05:52,3252896
1,1330,1830.0,4294965176,2020-09-02 15:05:53,3254000
1,1330,1829.9,4294965166,2020-09-02 15:05:54,3254317
1,1330,1829.9,4294965166,2020-09-02 15:05:55,3255473
1,1330,1829.9,4294965166,2020-09-02 15:05:56,3255943
1,1330,1829.9,4294965166,2020-09-02 15:05:57,3256005
1,1330,1829.9,4294965166,2020-09-02 15:05:59,3256360
1,1330,1829.9,4294965166,2020-09-02 15:05:58,3256360
1,1330,1829.85,4294965161,2020-09-02 15:06:00,3256445
1,1330,1830.0,4294965176,2020-09-02 15:06:01,3257582
1,1330,1829.9,4294965166,2020-09-02 15:06:02,3258354
1,1330,1829.9,4294965166,2020-09-02 15:06:03,3258436
1,1330,1829.9,4294965166,2020-09-02 15:06:04,3260353
1,1330,1829.9,4294965166,2020-09-02 15:06:05,3260353
1,1330,1829.9,4294965166,2020-09-02 15:06:06,3261234
1,1330,1829.85,4294965161,2020-09-02 15:06:07,3261238
1,1330,1829.9,4294965166,2020-09-02 15:06:08,3261423
1,1330,1829.85,4294965161,2020-09-02 15:06:09,3261445
1,1330,1829.85,4294965161,2020-09-02 15:06:10,3261786
1,1330,1829.9,4294965166,2020-09-02 15:06:11,3261931
1,1330,1829.9,4294965166,2020-09-02 15:06:12,3261937
1,1330,1829.9,4294965166,2020-09-02 15:06:13,3261957
1,1330,1829.9,4294965166,2020-09-02 15:06:14,3262016
1,1330,1829.85,4294965161,2020-09-02 15:06:15,3262902
1,1330,1829.9,4294965166,2020-09-02 15:06:16,3262907
1,1330,1829.85,4294965161,2020-09-02 15:06:17,3263279
1,1330,1830.0,4294965176,2020-09-02 15:06:18,3268132
1,1330,1830.2,4294965196,2020-09-02 15:06:19,3268148
1,1330,1831.25,4294965301,2020-09-02 15:06:20,3268706
